2132 3319
562 792 906 840 CAPITULUM
942 790 1219 839 TERCIUM.

291 908 403 944 Dicto
443 906 523 956 jam
564 909 611 944 de
649 907 941 944 universalibus
981 915 1017 943 et
1050 906 1262 943 identitate
1296 906 1549 955 quadruplici
1564 909 1630 937 Ten
1652 909 1837 948 categories:

229 968 485 1003 tractandum
528 974 585 1002 est
618 966 664 1002 de
698 967 834 1002 decem
869 964 1194 1013 predicamentis.
1240 966 1288 1000 Et
1326 965 1547 1001 notandum
1572 947 1839 1013 subsffgsscfe‘jrnine

229 1025 338 1072 quod
391 1026 526 1060 decem
577 1032 669 1060 sunt
716 1023 1040 1072 predicamenta,
1089 1022 1258 1059 scilicet:
1308 1023 1549 1069 Substancia,
1619 1014 1785 1076 acfgirdgiites.

196 1082 434 1131 §quantitas,
483 1082 661 1131 qualitas,
708 1082 864 1128 relacio,
911 1082 1029 1127 accio,
1070 1081 1216 1130 passio,
1262 1081 1337 1128 ubi,
1382 1081 1548 1130 quando,
1614 1084 1716 1112 Three
1737 1092 1787 1111 arc

229 1140 379 1177 habitus
425 1148 462 1176 et
495 1140 664 1189 posici0;
707 1148 744 1176 et
789 1152 832 1176 ex
876 1139 961 1176 istis
994 1140 1027 1175 X
1065 1138 1379 1187 predicamentis
1417 1139 1547 1175 solum
1570 1119 1833 1182 absczletfgcgsvgevcn

227 1211 351 1234 unum
387 1207 444 1234 est
476 1210 598 1246 genus
632 1197 871 1244 substancie,
908 1206 945 1234 et
977 1210 1119 1234 novem
1155 1206 1246 1234 sunt
1268 1210 1414 1246 genera
1447 1197 1549 1234 acci-

229 1256 414 1293 dencium
440 1265 476 1293 et
498 1257 575 1293 tria
594 1256 762 1293 istorum
780 1256 1176 1304 predicamentorum
1194 1265 1284 1292 sunt
1307 1255 1419 1292 encia
1437 1257 1547 1292 abso-

228 1315 324 1360 luta,
358 1314 528 1351 scilicet:
562 1315 793 1358 substancia,
827 1315 993 1364 qualitas
1026 1323 1063 1351 et
1091 1314 1296 1363 quantitas,
1330 1322 1367 1350 et
1399 1322 1550 1362 septem

175 1393 214 1414 10
228 1381 319 1409 sunt
343 1372 455 1409 encia
473 1373 705 1421 respectiva,
729 1372 830 1409 sicut
853 1381 944 1409 sunt
967 1381 1118 1421 septem
1136 1373 1226 1410 alia.
1250 1374 1299 1408 Et
1320 1371 1467 1408 dicitur
1482 1384 1551 1408 ens

228 1432 453 1468 absolutum
479 1432 539 1467 vel
562 1431 656 1479 quia
678 1439 810 1479 potest
832 1443 902 1479 per
924 1443 964 1467 se
987 1443 1083 1477 esse,
1108 1431 1209 1468 sicut
1231 1439 1287 1467 est
1310 1430 1550 1476 substancia,

156 1497 189 1532 3b
227 1490 287 1526 vel
310 1489 404 1537 quia
428 1498 485 1526 est
508 1502 575 1525 ens
599 1502 679 1525 non
703 1489 910 1537 requirens
934 1488 1043 1525 aliud
1065 1489 1248 1526 localiter
1265 1485 1268 1541 l
1286 1488 1549 1525 extrinsecum

229 1560 302 1596 pro
335 1560 406 1583 sua
440 1547 630 1594 essencia,
664 1547 766 1584 sicut
799 1547 1003 1596 quantitas
1031 1548 1092 1584 vel
1115 1547 1300 1596 qualitas.
1334 1549 1383 1583 Et
1406 1546 1551 1583 dicitur
1567 1550 1651 1586 Why
1667 1551 1841 1600 substance,

230 1618 297 1642 ens
324 1606 606 1654 respectivum,
640 1605 735 1654 quia
759 1614 816 1642 est
844 1614 1048 1653 respectus
1071 1605 1173 1642 inter
1197 1607 1289 1652 duo,
1314 1604 1415 1641 sicut
1439 1604 1551 1641 accio
1595 1591 1734 1658 Ἣὲἒῇᾘ
1747 1585 1812 1647 ἔχ’-ἱρά

178 1673 267 1706 15et
300 1664 431 1712 passio
465 1673 522 1700 est
555 1664 657 1700 inter
690 1676 811 1712 agens
845 1672 882 1700 et
904 1676 1088 1712 passum;
1124 1673 1160 1700 et
1184 1664 1278 1712 quia
1311 1676 1392 1700 non
1422 1671 1551 1711 potest
1566 1655 1842 1719 abffiffetfsassgtfhe

231 1734 361 1771 agere,
394 1721 470 1758 nisi
504 1731 594 1770 agat
627 1721 666 1757 in
699 1721 863 1770 aliquod
886 1735 1063 1770 passum,
1089 1722 1143 1759 sic
1167 1722 1299 1758 omnis
1323 1721 1470 1758 relacio
1494 1729 1552 1757 est

230 1781 333 1817 inter
357 1781 435 1817 dua
459 1781 594 1827 relata,
619 1788 662 1816 ut
685 1779 909 1817 similitudo
933 1780 1036 1817 inter
1059 1781 1136 1817 dua
1160 1793 1234 1827 res,
1259 1789 1297 1817 et
1320 1779 1553 1817 differencia

232 1847 289 1875 est
322 1838 426 1875 inter
459 1840 570 1875 duas.

290 1896 530 1933 Substancia
564 1905 620 1933 est
644 1909 708 1932 ens
725 1909 800 1946 per
821 1909 861 1933 se
882 1904 1001 1943 stans,
1031 1904 1065 1933 et
1088 1897 1347 1933 accidentibus
1369 1897 1554 1933 absolutis
1597 1901 1764 1930 Definition
1784 1899 1818 1927 of

175 1977 216 1998 20
231 1956 430 2000 substans;
455 1955 558 1992 sicut
583 1956 705 1991 homo
729 1964 786 1991 est
808 1955 1034 1991 subiectum
1059 1954 1266 2002 albedinis,
1301 1955 1551 2004 quantitatis,
1622 1938 1796 2007 Scffiffifflff'

232 2013 377 2050 coloris
406 2022 443 2050 et
464 2013 655 2059 sciencie,
690 2022 727 2049 et
759 2013 832 2049 ista
867 2022 958 2049 sunt
991 2013 1223 2050 accidencia
1256 2014 1454 2060 absoluta,
1480 2022 1552 2050 etc.

292 2071 503 2116 Quantitas
537 2081 593 2108 est
607 2073 748 2121 forma
783 2072 1033 2108 denominans
1064 2072 1322 2108 substanciam
1356 2084 1437 2109 esse
1457 2073 1552 2121 for-

232 2130 387 2165 maliter
418 2137 621 2178 quamcum-
652 2139 713 2166 ut:
747 2129 865 2174 linea,
899 2129 1144 2178 superficies.

292 2187 473 2233 Qualitas
498 2189 702 2237 estforma
727 2188 977 2224 denominans
998 2188 1207 2224 sztbz'ectzmz
1232 2188 1553 2237 esseformaliter
1642 2194 1768 2230 quality,

177 2256 216 2289 25
233 2247 357 2295 quale,
391 2255 434 2282 ut
469 2247 590 2292 color,
626 2247 785 2292 albedo,
821 2246 1015 2293 caliditas,
1052 2255 1123 2285 etc.
1634 2252 1773 2282 relation,

292 2304 452 2341 Relacio
483 2313 539 2340 est
571 2312 768 2354 respectus
785 2305 1022 2352 formaliter
1052 2306 1227 2354 referens
1261 2305 1389 2354 aliqua
1419 2306 1470 2341 aa'
1499 2305 1553 2341 in-

235 2363 375 2408 vicem,·
406 2372 466 2398 ut:
501 2363 735 2409 similitudo,
770 2363 1011 2408 fraternitas,
1047 2363 1279 2400 differencia
1312 2372 1385 2400 etc.

308 2553 327 2572 1.
351 2544 527 2578 Capitulum
549 2544 694 2571 Tei-cium
716 2545 818 2577 deest;
838 2544 985 2580 Sequitur
1006 2546 1042 2573 de
1065 2545 1304 2581 predicamentis
1325 2546 1356 2573 in
1377 2546 1435 2573 red
1452 2546 1506 2574 inte
1525 2546 1556 2574 in

235 2587 335 2616 marg.
415 2587 441 2606 2.
462 2579 569 2606 Initz'al
587 2579 611 2606 D
634 2580 664 2607 in
685 2580 752 2607 blue
772 2580 834 2607 ink.

304 2673 335 2706 o.
367 2663 599 2702 Quantitatis.
626 2664 748 2695 Notice
772 2663 846 2695 that
864 2664 997 2707 Wyclif
1018 2665 1144 2696 admits
1168 2675 1205 2696 as
1223 2670 1281 2707 yet
1298 2664 1356 2696 the
1383 2665 1556 2697 existence

235 2709 274 2740 of
297 2710 467 2741 ‘absolute
494 2710 696 2749 accidents'3
729 2710 862 2752 though
890 2721 937 2750 as,
970 2712 1004 2742 in
1036 2710 1095 2742 the
1120 2711 1211 2742 third
1240 2718 1315 2753 part
1348 2711 1388 2742 of
1411 2712 1555 2754 Logica,

235 2756 279 2787 he
306 2756 430 2798 speaks
459 2756 656 2799 doubtfully
682 2757 721 2788 of
743 2757 801 2789 the
834 2758 1029 2800 possibility
1056 2757 1096 2789 of
1123 2757 1213 2789 their
1244 2757 1556 2798 self-subsistence‚

235 2802 279 2834 he
302 2802 475 2880 'pdmbably
496 2803 626 2846 mei-ely
644 2804 781 2836 intends
808 2803 890 2836 here
916 2811 952 2836 to
979 2814 1113 2846 oppose
1139 2805 1299 2837 absolute
1323 2805 1389 2839 and
1409 2805 1557 2841 relative

238 2859 307 2881 acc¹
338 2856 424 2881 entS.
