2132 3319
301 226 376 272 134

338 522 394 549 But
414 520 443 547 in
465 519 526 546 this

365 565 434 584 case
454 557 505 583 tlte

357 592 512 620 exclusive

313 627 507 663 proposition
529 626 554 653 is

303 668 357 690 not
377 661 562 696 necessarily

294 697 482 724 convertible
496 696 571 723 with

311 733 349 759 its
370 736 552 767 exponents.

382 871 424 900 So
446 879 482 898 an

342 906 524 933 affirmative

340 941 535 976 proposition

295 976 405 1004 should
427 977 462 1003 be
483 976 572 1004 made

347 1016 400 1039 out
421 1012 455 1039 of
472 1012 522 1038 the

324 1055 408 1073 same
428 1046 544 1081 subject

342 1081 426 1115 <with
448 1090 464 1108 a
484 1085 539 1109 not

323 1117 482 1151 prefixed),
504 1117 554 1143 the

294 1152 570 1187 contrarycopula‚

312 1186 372 1213 and
394 1186 443 1213 the
464 1194 548 1213 same

353 1221 517 1256 predicate.

307 1859 375 1887 The
397 1860 553 1895 predicate

303 1904 372 1930 may
394 1896 458 1922 al«)
480 1903 570 1922 cause

305 1931 473 1959 variatiou:
495 1931 554 1957 and

336 1966 357 1992 it
378 1966 403 1992 is
425 1966 534 1998 fitting,

294 2001 382 2026 when
405 2001 487 2027 there
508 2001 533 2027 is
555 2008 569 2026 a

319 2035 442 2062 relative
463 2041 552 2067 term,

330 2075 360 2096 to
381 2070 525 2104 expound

326 2105 363 2140 by
384 2113 489 2132 means
511 2105 545 2131 of

382 2140 481 2167 other.

358 2185 517 2220 Example.

1021 235 1245 267 JOHANNIS
1272 235 1459 266 WYCLIF
1749 232 1838 260 CAP.
1858 231 1911 259 IX.

585 342 645 378 vel
661 341 908 378 sinonirnurn
935 354 1024 378 cum
1043 351 1249 391 sequente,
1269 342 1450 391 sequitur
1468 341 1705 378 universalis
1728 341 1913 390 negativa

587 401 634 435 de
668 399 876 447 predicato
908 400 1210 448 proporcionali
1245 400 1396 448 duplici
1429 409 1596 449 negat03
1642 409 1698 447 ut,
1737 400 1771 436 si
1802 412 1913 436 omne

585 458 687 506 quod
737 465 915 494 movetur
953 461 957 507 Ι
998 459 1135 501 currit,
1187 466 1276 494 tunc
1320 471 1429 495 omne
1473 459 1575 507 quod
1617 470 1690 494 non
1735 465 1914 494 movetur
1950 457 2055 492 A30b

586 528 658 552 non
701 516 846 560 cztrrit;
890 525 928 552 et
965 515 1020 552 sic
1061 518 1108 552 de
1142 516 1299 553 ceteris.
1345 519 1435 552 Non
1479 525 1617 553 tamen
1666 515 1914 553 convertitur

588 573 765 621 quelibet
809 574 899 609 talis
946 574 1144 611 exclusiva
1190 587 1279 610 cum
1325 574 1396 610 tali
1443 574 1660 611 universali
1713 573 1947 622 negativa.5

588 634 687 668 Nam
724 644 767 668 ex
801 631 918 668 dictis
956 640 1067 680 patet
1100 634 1208 680 quod
1248 632 1339 668 talis
1379 632 1589 679 exclusiva,
1631 640 1778 668 tantum
1813 632 1915 681 quod

588 702 659 726 non
693 697 799 726 creat
831 702 904 726 non
939 698 1060 737 creat,
1094 692 1212 727 debet
1250 689 1307 727 sic
1347 690 1511 739 exponi:
1553 691 1654 738 quod
1692 703 1766 726 non
1806 697 1914 726 creat

587 760 659 783 non
701 755 821 791 creat,
866 756 901 783 et
942 760 1052 784 Omne
1090 750 1193 797 quod
1231 756 1339 785 creat
1378 757 1498 795 creat,
1545 758 1583 785 et
1622 748 1677 784 sic
1717 756 1818 784 esset
1852 760 1914 784 ex-

587 805 737 842 clusiva
776 806 888 849 falsa,
929 806 1041 842 nullo
1082 815 1257 843 creante.
1303 809 1351 843 Et
1393 816 1530 843 tamen
1570 808 1644 843 hec
1675 806 1913 843 universalis

586 863 825 910 necessaria,
860 876 970 900 omne
993 865 1095 913 quod
1123 878 1196 901 non
1226 873 1334 901 creat
1366 877 1438 901 non
1472 873 1591 901 creat.
1627 864 1878 913 Capiendum
1907 860 1971 917 ,πο

587 934 681 970 ergo
716 922 1002 958 affirmativum
1038 923 1271 971 oppositum
1311 922 1481 959 subiecti
1520 922 1695 972 negativi
1726 922 1817 959 talis
1851 935 1912 959 ex-
1949 928 2052 971 319⁵

588 979 753 1026 clusive3
812 981 880 1016 sed
937 981 1122 1018 addenda
1181 991 1238 1017 est
1290 981 1460 1029 negacio
1519 981 1725 1018 infinitans
1782 990 1910 1017 totum

588 1038 811 1075 subiectum
866 1048 1031 1086 propter
1076 1040 1327 1086 brevitatem,
1381 1048 1548 1088 propter
1595 1038 1911 1076 consonanciam

588 1095 868 1144 exposicionis‚
904 1105 940 1132 et
973 1106 1139 1145 propter
1171 1098 1516 1146 significacionem
1558 1106 1786 1134 extraneam
1828 1097 1913 1133 sine

586 1163 782 1202 tempore.
818 1156 911 1190 Ideo
939 1156 1116 1191 secunda
1147 1168 1349 1204 exponens
1387 1156 1519 1193 istius:
1555 1163 1702 1192 tantum
1741 1155 1969 1191 chimera15

587 1225 659 1249 non
699 1220 827 1262 potest
873 1225 965 1259 6336,
1014 1213 1088 1249 erit
1133 1214 1244 1251 talis:
1295 1227 1406 1250 omne
1450 1227 1523 1251 non
1570 1214 1742 1251 chimera
1785 1221 1914 1263 potest

586 1283 688 1316 6336,·
720 1279 757 1307 et
790 1272 866 1307 hoc
900 1279 958 1307 est
991 1284 1143 1308 verum.
1178 1272 1436 1309 predicatum
1471 1272 1576 1309 enirn
1600 1272 1692 1309 talis
1716 1271 1913 1308 exclusive

586 1329 768 1377 negative
803 1329 1026 1365 excluditur
1060 1343 1082 1367 a
1115 1330 1310 1377 subiecto,
1346 1340 1382 1367 et
1416 1330 1652 1368 attribuitur
1686 1330 1912 1378 cuicunque

585 1387 773 1436 opposito
807 1387 976 1424 subiecti
1010 1388 1049 1424 in
1084 1389 1396 1438 comparacione
1430 1391 1480 1425 ad
1513 1391 1695 1426 verbum.
1729 1389 1845 1425 Unde
1872 1388 1912 1424 in

585 1446 657 1482 ista
701 1446 911 1492 exclusiva,
958 1454 1106 1483 tantum
1147 1448 1319 1484 chimera
1360 1460 1432 1484 non
1472 1456 1528 1484 est
1568 1447 1792 1484 excluditur
1831 1459 1914 1483 esse
1929 1460 1971 1481 20

585 1505 634 1540 ab
679 1504 754 1541 ista
800 1504 992 1555 chimera7
1044 1514 1081 1542 et
1127 1506 1361 1542 attribuitur
1406 1506 1634 1554 cuicunque
1683 1507 1791 1554 quod
1830 1517 1912 1541 non

586 1571 643 1598 est
683 1562 758 1598 ista
799 1563 992 1599 chimera.
1038 1565 1088 1599 Et
1129 1564 1198 1611 sic,
1245 1564 1428 1613 quamvis
1467 1573 1665 1613 appareat
1698 1564 1815 1600 istam
1850 1576 1911 1599 ex-

586 1620 778 1656 clusivam
815 1633 901 1657 esse
925 1622 1080 1667 falsam,
1115 1630 1262 1658 tantum
1298 1623 1370 1659 ista
1404 1623 1576 1659 chimera
1610 1635 1682 1658 non
1716 1630 1785 1667 est,
1819 1634 1910 1657 cum

586 1678 740 1715 infinite
780 1678 859 1715 alie
899 1688 935 1715 et
977 1679 1131 1716 infinite
1170 1682 1305 1728 plures
1346 1681 1523 1718 chimere
1557 1694 1679 1729 quam
1719 1680 1794 1716 ista
1829 1693 1911 1716 non

584 1746 689 1783 sunt,
730 1746 865 1773 tamen
906 1737 1014 1774 iuxta
1060 1748 1302 1786 exponentes
1347 1739 1548 1787 predictas
1595 1739 1774 1786 quelibet
1818 1738 1909 1774 talis
1926 1741 1966 1773 25

587 1804 643 1831 est
676 1795 917 1832 necessaria.

645 1854 819 1890 Racione
858 1854 1052 1902 predicati
1096 1863 1139 1890 ut
1182 1855 1266 1892 hic:
1312 1863 1460 1892 tantum
1501 1856 1567 1891 illo
1608 1856 1722 1891 modo
1762 1867 1834 1891 non
1874 1868 1913 1891 63

585 1912 716 1948 asinus
749 1925 820 1960 quo
854 1925 926 1948 non
961 1925 1062 1949 63363
1095 1914 1226 1950 asinus
1257 1914 1292 1950 si
1323 1927 1394 1950 non
1428 1915 1652 1962 aliqualiter
1684 1921 1794 1955 esset,
1844 1912 1911 1949 ubi

586 1970 747 2006 racione
793 1971 955 2006 termini
1002 1972 1157 2008 relativi
1205 1985 1426 2008 consonum
1475 1982 1532 2008 est
1578 1984 1773 2020 exponere
1819 1984 1909 2007 cum

586 2028 653 2064 illo
677 2028 850 2065 termino
881 2030 1008 2069 alind:
1041 2039 1082 2065 ut
1106 2030 1258 2066 dictum
1284 2040 1340 2066 est
1363 2030 1471 2066 alibi.
1506 2033 1553 2066 Et
1577 2031 1632 2066 sic
1657 2031 1911 2078 exponendo:
1929 2033 1971 2065 30

586 2086 651 2121 illo
698 2089 812 2123 modo
859 2100 931 2123 non
971 2100 1009 2123 63
1051 2089 1181 2125 asinus
1220 2101 1292 2137 quo
1331 2102 1404 2125 non
1445 2102 1547 2126 esses
1587 2089 1718 2125 asinus
1761 2088 1794 2123 si
1839 2100 1911 2124 non

585 2145 808 2193 aliqualiter
845 2153 955 2189 esset,
1002 2154 1035 2181 et
1076 2159 1148 2182 non
1188 2148 1264 2183 alio
1302 2148 1416 2183 modo
1463 2160 1560 2183 mmc
1599 2160 1671 2183 non
1711 2159 1750 2182 63
1781 2147 1911 2182 asinus

585 2215 697 2250 quam
744 2204 810 2239 illo
856 2205 970 2239 modo
1011 2217 1084 2253 quo
1123 2218 1196 2241 non
1229 2218 1330 2242 63363
1361 2207 1492 2242 asinus
1523 2206 1558 2241 Si
1589 2218 1661 2241 non
1691 2205 1912 2252 aliqualiter

586 2270 694 2300 esset.
728 2263 911 2307 Quorum
948 2262 1123 2310 primum
1160 2273 1216 2299 est
1241 2276 1393 2309 verum,
1428 2264 1522 2313 quia
1556 2264 1660 2299 omni
1691 2263 1805 2299 modo
1839 2274 1910 2298 non

586 2332 625 2355 63
683 2320 825 2363 asinus,
880 2333 951 2369 quo
1005 2334 1076 2357 mm
1132 2335 1232 2358 63363
1282 2323 1414 2359 asinus
1471 2323 1505 2358 si
1560 2335 1631 2358 non
1688 2321 1968 2370 aliqztaliter35

586 2386 703 2420 esset‚·
734 2378 836 2414 sicut
866 2388 975 2426 patet
1006 2392 1075 2427 per
1109 2393 1224 2416 suum
1261 2380 1529 2428 equipollens:
1564 2393 1675 2430 ergo,
1707 2380 1774 2415 illo
1797 2380 1912 2414 modo

588 2449 659 2471 mm
701 2449 739 2472 63
777 2438 908 2472 asinus
947 2450 1018 2486 quo
1059 2452 1130 2474 11011
1180 2452 1281 2475 63363
1320 2440 1461 2482 asinus,
1507 2439 1541 2474 si
1577 2451 1650 2474 non
1689 2438 1912 2485 aliqualiter

587 2503 694 2530 6336Ι.
743 2497 819 2531 Sed
854 2497 1030 2532 secunda
1064 2510 1267 2544 exponens
1301 2507 1358 2533 est
1392 2497 1667 2545 impossibilis,
1715 2496 1911 2533 converti-

587 2553 675 2588 bilis
743 2566 832 2589 cuni
903 2555 1117 2591 universali
1188 2555 1429 2592 affirmativa
1501 2555 1754 2603 impossibili,
1818 2568 1908 2591 cum

658 2743 681 2761 2.
708 2740 811 2761 notato
839 2736 872 2762 Β.
955 2745 981 2770 7.
1005 2745 1064 2763 non
1087 2742 1169 2764 erent
1191 2737 1300 2772 before
1320 2738 1409 2764 debet
1427 2739 1514 2765 deest
1536 2738 1568 2765 13.
1643 2747 1672 2767 o.
1693 2743 1739 2766 est
1761 2747 1859 2767 neces.
1876 2741 1909 2767 Β.

588 2768 625 2796 13.
649 2775 706 2796 sur.
729 2771 947 2797 affirmativum
972 2771 1003 2797 1’1.
1090 2780 1131 2798 2¹2.
1156 2781 1222 2798 css-e
1243 2778 1331 2799 istam
1354 2772 1441 2808 aflet·
1461 2778 1607 2808 appareat
1628 2771 1666 2801 Ᾰ.
1747 2775 1793 2802 28.
1816 2783 1848 2801 es
1869 2775 1908 2808 33

587 2819 636 2854 {Es
657 2829 700 2858 A:
723 2829 760 2854 ib.
783 2819 827 2855 eet
849 2831 886 2856 A.
1013 2829 1059 2856 30.
1088 2835 1118 2856 ut
1140 2838 1202 2865 pro
1234 2835 1261 2857 et
1289 2831 1320 2857 Β.
1447 2830 1491 2859 32.
1526 2832 1609 2858 nullo
1643 2831 1750 2869 before
1784 2833 1843 2860 alio
1876 2833 1909 2860 B.

589 2861 630 2889 33.
653 2871 745 2898 quam
768 2864 877 2899 before
899 2872 958 2891 uon
981 2873 1063 2891 esses
1084 2866 1122 2892 A.
1197 2865 1237 2892 35.
1260 2866 1420 2901 quomodo
1442 2868 1479 2893 A.
