2132 3319
859 811 1206 860 CAPITULUM
1241 812 1495 860 PRIMUM.

219 947 496 982 Atermissimple
569 938 797 984 Terminus,
851 940 962 988 large
1013 940 1230 988 loquendo,
1286 949 1342 976 est
1397 939 1526 977 diccio
1571 940 1836 977 artificialiter

228 982 490 1052 azsscffdrilnpgossrsldi't
510 997 672 1034 inventa
725 1006 889 1046 propter
941 997 1284 1047 composicionem
1330 998 1645 1046 proposicionis;
1700 1008 1736 1036 et
1781 999 1837 1036 sic

231 1053 486 1116 Stiiciledasgssrfoorne
510 1068 629 1092 omne
668 1056 746 1092 tale
780 1058 888 1104 quod
924 1065 980 1092 est
1014 1056 1143 1093 diccio
1177 1056 1217 1092 in
1251 1056 1517 1105 grammatica
1551 1066 1608 1093 est
1640 1057 1836 1094 terminus

306 1132 408 1160 many.
509 1114 549 1150 in
582 1113 724 1162 logica.
1854 1119 1870 1151 5

567 1173 644 1208 Sed
682 1172 948 1209 terminorum
987 1172 1110 1221 aliqui
1144 1181 1235 1209 sunt
1268 1172 1469 1221 simplices
1503 1181 1540 1209 et
1573 1173 1696 1222 aliqui
1730 1186 1838 1210 com-

507 1230 640 1279 positi.
673 1231 888 1267 Terminus
920 1231 1087 1279 simplex
1122 1240 1179 1267 est
1208 1230 1338 1268 diccio
1368 1231 1430 1268 cui
1454 1231 1596 1267 unicus
1620 1241 1837 1280 conceptus

507 1290 796 1337 correspondet
834 1289 873 1325 in
913 1289 1060 1336 anima,
1106 1298 1148 1325 ut
1180 1291 1314 1335 lzomo;
1364 1289 1558 1326 terminus
1592 1290 1837 1338 compositus

507 1356 564 1384 est
597 1347 726 1384 diccio
759 1347 821 1384 cui
856 1348 971 1384 multi
1005 1356 1223 1396 conceptus
1254 1361 1335 1384 non
1364 1348 1576 1395 synonymi
1600 1361 1836 1396 correspon-

507 1407 613 1452 dent,
647 1415 689 1441 ut
722 1407 835 1442 homo
866 1414 1034 1452 Sanctus,
1067 1406 1212 1442 animal
1245 1406 1371 1442 vivum-z
1406 1415 1480 1443 etc.
1855 1421 1893 1442 10

229 1477 256 1505 If
274 1476 395 1517 simple,
415 1475 438 1503 it
458 1475 483 1502 is
563 1463 847 1501 Terminorum
890 1464 1133 1513 simplicium
1174 1464 1339 1513 quidam
1383 1474 1440 1501 est
1479 1473 1747 1513 categorema‚
1796 1473 1833 1501 et

229 1511 479 1548 categorzealor
508 1522 672 1571 quidam
720 1531 777 1559 est
826 1531 1168 1571 syncategorema.
1225 1524 1490 1571 Categorema
1529 1532 1598 1569 est,
1646 1523 1709 1559 cui
1749 1535 1835 1560 cor—

221 1557 234 1573 s
260 1550 351 1574 neate
374 1546 475 1573 orical

225 1555 392 1616 ggeordigg
411 1567 487 1608 asi}
508 1582 753 1629 respondent
792 1580 968 1618 intencio
1001 1581 1041 1617 in
1075 1581 1222 1626 anima,
1257 1580 1487 1629 significans
1533 1594 1605 1629 pro
1639 1594 1692 1627 re,
1741 1594 1835 1618 con-

218 1616 491 1691 hagiegiiiiigsbgpt'
507 1639 698 1676 vertibilis
732 1652 822 1675 cum
858 1641 998 1676 eodem
1034 1639 1227 1680 termino;
1260 1648 1303 1676 ut
1337 1639 1399 1676 isti
1423 1639 1611 1684 termino,
1646 1640 1771 1683 homo,
1794 1639 1835 1675 in

309 1687 399 1714 ΜΘΗ·
507 1698 656 1745 scripto
689 1699 749 1734 vel
781 1697 821 1734 in
852 1710 949 1735 voce
984 1699 1272 1745 correspondet
1305 1699 1376 1734 hec
1410 1697 1599 1744 intencio,
1634 1699 1760 1743 homo,
1793 1697 1834 1733 in
1855 1702 1890 1734 15

505 1756 659 1802 anima3
694 1765 730 1792 et
757 1756 833 1793 ista
859 1756 1047 1802 intencio,
1081 1757 1208 1803 homo,
1240 1755 1281 1793 in
1311 1756 1459 1803 anima,
1484 1765 1541 1792 est
1565 1755 1834 1792 convertibilis

507 1827 596 1851 cum
637 1815 704 1851 illo
737 1814 924 1861 termino,
968 1816 1093 1861 homo,
1135 1814 1174 1850 in
1207 1814 1357 1863 scripto
1390 1815 1449 1851 vel
1483 1814 1522 1850 in
1554 1826 1664 1851 voce.
1711 1814 1834 1862 Igitur

505 1882 579 1910 etc.
615 1873 952 1922 Syncategorema
986 1883 1043 1910 est
1075 1872 1270 1909 terminus
1300 1872 1620 1921 consignificans,
1656 1872 1718 1909 cui
1751 1885 1831 1908 non

506 1933 794 1980 correspondet
832 1931 1008 1968 intencio
1047 1931 1086 1968 in
1126 1931 1262 1968 animo
1302 1933 1350 1968 de
1383 1930 1629 1979 significat03
1676 1939 1719 1966 ut
1756 1930 1831 1966 iste

505 1990 712 2035 terminus,
749 1990 884 2037 omnis,
917 1990 1084 2038 quilibet,
1116 1991 1161 2033 si,
1195 2003 1281 2035 non,
1310 2002 1400 2039 pro,
1435 1998 1508 2026 etc.
1848 2003 1889 2024 20

215 2061 447 2097 Ifcategorical,
469 2063 490 2090 it
564 2048 873 2096 Cathegoricum
900 2049 1105 2096 quoddam
1131 2057 1189 2084 est
1212 2060 1439 2093 commune,
1465 2057 1507 2083 ut
1531 2048 1655 2092 homo,
1673 2047 1830 2091 animal,

239 2098 472 2167 ἧξῇζξξᾶᾒζζίῗι
505 2108 620 2142 canis.
661 2109 708 2142 Et
741 2106 886 2142 dicitur
919 2106 1115 2142 terminus
1150 2105 1392 2151 communis,
1427 2106 1521 2154 quia
1554 2105 1830 2153 principaliter

224 2168 389 2206 according
410 2176 442 2194 as
463 2168 484 2195 it
504 2164 702 2212 significat
725 2173 911 2201 naturam
929 2177 1184 2201 communem
1203 2166 1253 2201 ad
1269 2173 1391 2211 extra,
1416 2164 1517 2200 sicut
1534 2164 1606 2200 iste
1621 2163 1829 2209 terminus,

233 2203 476 2265 sffgitclilssefoorftgie
504 2224 631 2268 homo,
663 2222 940 2271 principaliter
972 2223 1171 2270 significat
1203 2231 1390 2259 naturam
1423 2224 1654 2267 humanam⁷
1690 2230 1726 2257 et
1756 2221 1829 2257 iste

215 2273 489 2342 t}}}i¹¹ngg0i{3{{³fs,ti¹}0
504 2281 714 2327 terminus,
743 2282 861 2328 canis,
886 2281 1164 2329 principaliter
1194 2281 1393 2329 significat
1416 2290 1601 2317 naturam
1628 2279 1828 2326 caninam,
1847 2284 1886 2316 25

284 2331 429 2383 geqeral‚⁷
505 2347 542 2376 et
579 2339 653 2376 iste
691 2339 886 2376 terminus
919 2340 1066 2375 animal
1094 2339 1370 2387 principaliter
1409 2338 1607 2387 significat
1640 2347 1826 2374 naturam

221 2380 482 2451 traiiqslilelizodcssnlialy
504 2397 703 2444 animalis⁷
738 2398 902 2444 scilicet,
938 2397 1250 2443 animalitatem3
1291 2407 1327 2433 et
1361 2397 1433 2434 iste
1466 2396 1675 2442 terminus,
1709 2397 1827 2439 Deus,

250 2452 454 2480 orunivocal.
504 2456 779 2504 principaliter
818 2455 1019 2504 significat
1058 2465 1242 2492 naturam
1279 2455 1469 2497 divinam,
1515 2467 1592 2503 que
1627 2463 1683 2490 est
1718 2467 1826 2490 com-

505 2514 635 2551 munis
667 2515 793 2551 tribus
826 2514 1007 2563 personis
1039 2513 1079 2550 in
1113 2514 1269 2550 divinis.

561 2575 608 2609 Et
653 2572 953 2621 cathegoricum
1009 2574 1213 2621 quoddam
1267 2581 1323 2608 est
1368 2571 1600 2617 discretum,
1654 2580 1697 2607 ut
1750 2572 1823 2607 hoc
1843 2575 1885 2607 30

504 2644 742 2679 pronomen.
789 2633 872 2677 lzoc,
918 2641 954 2667 et
993 2631 1071 2667 alia
1110 2630 1352 2679 pronomina
1392 2629 1719 2670 demonstrativa,
1764 2630 1825 2665 vel

503 2689 686 2726 similiter
709 2689 873 2738 propria
896 2689 1075 2736 nomina,
1110 2698 1152 2724 ut
1173 2690 1379 2733 johannes,
1409 2689 1602 2723 Robertzcs
1635 2696 1708 2723 etc.
1745 2689 1820 2723 Sed

503 2750 633 2784 adhuc
666 2748 861 2784 terminus
889 2748 1082 2784 discretus
1108 2756 1237 2795 potest
1267 2746 1353 2794 capi
1379 2746 1645 2793 singulariter,
1684 2754 1724 2780 ut
1749 2746 1820 2791 lzic,

575 2904 592 2921 ι.
615 2894 791 2929 Capimlum
814 2894 904 2921 dees-n
980 2902 1003 2920 2.
1027 2893 1132 2920 Initia!
1152 2893 1177 2919 Τ
1200 2894 1228 2919 sn
1251 2894 1319 2919 blne
1340 2893 1400 2919 suls.
