2132 3319
248 214 335 242 CAP.
358 215 379 241 1.
812 214 998 245 LOGICA.
1833 221 1851 253 7

245 321 491 370 negacionis.
515 320 694 357 Termini
718 319 909 356 officiales
933 329 1024 355 sunt
1048 333 1187 356 omnes
1212 320 1372 356 termini
1392 321 1563 356 morales
1585 330 1642 356 and
1665 334 1759 356 ternis
1780 331 1843 357 mat

245 389 282 417 et
308 379 467 416 termini
495 387 778 415 concernentes
807 386 940 414 actum
972 378 1134 423 mentis;
1170 387 1224 423 ut,
1250 379 1362 424 scire,
1385 379 1559 425 credere,
1610 370 1827 435 [ιξξζὶζξῧξὲηοῑ

243 438 472 488 intelligere,
500 437 714 486 precipere,
749 437 938 483 dubitare,
971 436 1193 486 imaginari,
1226 443 1418 484 appetere.
1637 434 1804 496 tlfficmlffij

300 498 410 541 Item,
440 494 703 531 terminorum
728 494 851 542 aliqui
875 502 966 530 sunt
989 494 1150 530 termini
1174 494 1300 541 prime
1325 471 1672 531 ilitenCiOniSter(r(1)]s
1693 476 1805 539 iiivi‘nssss
1827 512 1842 530 a

209 559 225 590 5
243 562 280 590 et
309 553 431 601 aliqui
456 554 628 589 secunde
653 552 890 598 intencioni3
926 561 962 587 et
986 551 1109 600 aliqui
1135 551 1261 600 prime
1284 551 1561 599 imposicionis
1585 547 1793 609 indefieexiicignt
1813 574 1847 599 ot*

242 620 279 647 et
317 611 441 659 aliqui
480 612 651 647 secunde
686 609 975 657 imposicionis.
1017 612 1193 646 Vocatur
1227 609 1330 645 enim
1366 609 1559 645 terminus
1575 617 1610 635 or
1625 609 1850 670 ἀῡὶῗῧῐέῗξηῑθη

241 669 368 717 prime
407 667 648 705 intencionis
689 667 846 715 signum
890 669 996 717 quod
1030 668 1228 716 significat
1262 680 1376 703 suum
1411 667 1559 714 signifi-
1604 678 1822 714 universaiity3

241 736 386 776 catum,
419 740 499 763 non
533 727 788 763 connotando
822 727 1025 763 racionem
1059 725 1348 774 singularitatis
1383 734 1450 762 aut
1474 725 1559 761 uni-

239 784 491 831 versalitatis,
535 793 578 820 ut
623 784 686 821 isti
724 784 905 821 termini:
951 785 1071 828 Deus,
1110 785 1287 834 angelus,
1326 785 1438 820 homo
1484 792 1557 819 etc.

186 858 224 879 10
238 842 451 879 Terminus
485 844 659 879 secunde
692 842 930 879 intencionis
964 851 1020 879 est
1053 842 1248 879 terminus
1272 842 1340 890 qui
1366 850 1557 878 connotat

237 900 556 948 singularitatem
603 901 663 937 vel
712 900 1068 945 universalitatem,
1122 900 1223 936 sicut
1267 900 1331 936 isti
1375 899 1554 936 termini:

238 960 469 1006 universale,
512 959 727 1009 singulare,
770 971 906 1009 genus,
950 959 1107 1009 species,
1148 959 1365 995 substancia
1410 958 1556 1006 prima,

235 1017 451 1053 substancia
496 1017 673 1053 secunda.
730 1018 806 1053 Sed
859 1016 1053 1052 terminus
1101 1017 1230 1065 prime
1278 1015 1554 1064 imposicionis

235 1083 399 1111 vocatur
431 1075 625 1111 terminus
658 1074 887 1123 quicunque
919 1075 1149 1122 significans
1178 1074 1369 1122 primarie
1404 1073 1554 1121 signifi·
1594 1085 1761 1123 sig-nifying
1783 1093 1818 1112 an

182 1138 218 1170 15
235 1141 368 1168 catum
402 1134 511 1181 quod
543 1146 624 1169 non
654 1142 711 1169 est
735 1132 889 1181 signum
914 1132 1142 1178 artificiale3
1176 1142 1219 1169 ut
1241 1132 1315 1169 iste
1337 1132 1550 1168 terminus:
1597 1121 1811 1182 C(‚{‡¹v{²}{ti‘2,¹{ml

234 1191 359 1237 homo,
398 1191 556 1238 animal,
595 1191 824 1237 universale,
862 1203 997 1242 genus,
1037 1191 1180 1240 species
1219 1200 1292 1227 etc.
1337 1189 1551 1226 Terminus
1608 1190 1801 1252 signgjofavx

233 1250 406 1285 secunde
444 1248 722 1296 imposicionis
761 1257 818 1285 est
857 1249 1053 1285 terminus
1091 1249 1320 1297 significans
1359 1247 1551 1296 primarie
1664 1233 1741 1259 Ιώ

232 1305 389 1354 signum
414 1307 646 1343 humanitus
669 1306 889 1354 inventum,
914 1316 956 1343 ut
979 1307 1196 1343 sunttalia:
1214 1319 1361 1350 nomen,
1379 1306 1550 1352 verbum,

231 1365 470 1407 adverbium,
517 1374 589 1401 etc.
635 1365 813 1401 Termini
858 1365 1017 1413 analogi
1050 1374 1142 1401 sunt
1181 1365 1262 1400 isti:
1309 1377 1386 1404 ens,
1420 1376 1549 1411 ummz,
1606 1376 1717 1414 lmxing
1739 1385 1795 1403 one

176 1438 216 1458 20
232 1422 462 1469 universale,
484 1423 699 1473 singulare,
717 1424 974 1472 particulare,
997 1435 1121 1473 genus
1143 1432 1216 1459 etc.
1251 1425 1298 1458 Et
1322 1423 1544 1458 notandum
1589 1412 1814 1473 9¹‘¹4}¹1}2}¹1‘ffi,15¹¹¹d

231 1481 339 1527 quod
385 1481 577 1516 terminus
625 1481 777 1528 aliquid
824 1480 1024 1528 significat
1071 1480 1262 1529 primarie
1312 1489 1348 1516 et
1393 1479 1545 1528 aliquid
1596 1481 1779 1527 CSCQOxndssD

229 1538 478 1575 secundarie.
535 1538 748 1574 Terminus
801 1538 1000 1587 significat
1052 1538 1244 1587 primarie
1290 1538 1389 1574 illud
1436 1538 1546 1586 quod
1591 1517 1806 1550 s1gn1hcat10n.

228 1596 503 1644 principaliter
526 1597 842 1645 apprehenditur
864 1609 934 1644 per
958 1596 1089 1642 illum,
1114 1597 1216 1633 sicut
1239 1596 1312 1632 iste
1335 1596 1543 1639 terminus,

228 1655 353 1700 homo,
386 1653 577 1702 primarie
609 1655 669 1691 vel
698 1654 977 1702 principaliter
998 1654 1197 1702 significat
1221 1653 1438 1700 hominem,
1474 1654 1547 1690 sci-

171 1711 317 1749 25licet
340 1721 524 1749 naturam
551 1714 782 1755 humanam,
811 1722 848 1749 et
866 1713 1104 1749 secundarie
1122 1712 1320 1760 significat
1333 1712 1544 1748 ²Iohannem

225 1770 285 1806 vel
302 1771 524 1806 Robertum.
550 1774 598 1808 Et
620 1771 693 1807 iste
717 1771 923 1817 terminus,
940 1772 1117 1821 angelus,
1132 1769 1325 1819 primarie
1348 1770 1546 1818 significat

225 1837 409 1864 naturam
443 1829 677 1877 angelicam,
712 1838 749 1866 et
781 1829 1015 1866 secundarie
1043 1829 1276 1874 Gabrielem,
1302 1828 1544 1873 Michaelenz,

224 1894 260 1922 et
299 1886 420 1922 alium
454 1888 653 1935 angelum.

291 2065 337 2085 20.
360 2055 524 2092 particinsr.

297 2140 345 2160 10.
361 2130 480 2161 Prime
495 2148 536 2152 —
551 2130 702 2162 secunde
721 2127 939 2162 intencionis.
968 2128 1165 2160 ‘Intention'
1182 2129 1209 2158 is
1228 2127 1310 2159 here
1330 2138 1347 2158 a
1367 2127 1537 2159 technical

222 2175 413 2208 Scholastic
440 2183 538 2215 term,
573 2176 761 2218 signifying
787 2182 898 2218 pretty
926 2175 1044 2217 nearly
1070 2175 1127 2206 the
1155 2185 1250 2205 same
1285 2185 1321 2205 as
1348 2173 1539 2205 ‘attention’

223 2223 255 2253 in
282 2233 347 2254 our
374 2223 469 2265 days.
502 2223 568 2254 We
595 2223 709 2254 attend
737 2224 769 2254 in
799 2223 853 2254 the
871 2223 960 2264 first
979 2222 1085 2263 place
1111 2229 1146 2252 to
1174 2221 1301 2263 things,
1335 2221 1402 2252 and
1431 2222 1540 2264 after-

221 2269 343 2301 wards
369 2276 403 2300 to
429 2280 494 2300 our
519 2269 686 2311 thoughts
713 2269 753 2300 of
775 2268 902 2310 things.
