2132 3319
255 259 307 284 20

330 606 375 634 Of
391 609 453 631 two

280 639 511 678 contradiptory

279 676 504 714 propositions,

269 722 327 740 one
346 713 373 739 is
394 711 508 744 always

276 753 343 776 true
363 745 422 774 and
444 744 493 771 the

294 783 382 810 other
400 780 486 808 false.

276 840 345 868 The
364 838 449 866 truth
471 837 505 864 of

291 874 499 902 subalternate

282 907 499 946 propositions

287 943 425 979 depends
446 949 487 969 on

297 981 363 1007 that
382 978 417 1005 of
433 977 485 1004 the

261 1023 346 1043 more
367 1012 520 1040 universal

292 1049 326 1077 of
343 1049 393 1076 the
412 1052 486 1075 two.

309 1306 400 1335 Rules
420 1304 470 1332 for

269 1342 395 1378 judging
415 1339 518 1372 when,

284 1378 343 1404 and
366 1376 396 1403 in
417 1373 501 1400 what

261 1413 356 1448 place,
377 1419 436 1450 any
456 1413 518 1435 two

284 1455 341 1482 pro
368 1450 500 1482 osmons

269 1490 323 1509 can
368 1490 382 1508 e
403 1484 458 1516 put
477 1486 508 1505 1n

305 1518 354 1544 the
376 1516 473 1543 above

316 1552 466 1587 diagram.

266 2544 293 2570 Α
315 2543 512 2578 proposition

272 2578 306 2605 of
324 2583 386 2605 two
408 2578 513 2605 words

273 2613 297 2639 is
318 2614 498 2647 categorica!
514 2623 519 2645 ;

979 253 1204 284 JOHANNIS
1230 252 1416 284 WYCLIF
1707 248 1797 276 CAP.
1816 247 1870 276 Vl.

543 360 688 409 aliquis
727 360 850 396 homo
890 367 1024 395 currat
1059 367 1095 395 et
1129 358 1276 407 aliquis
1310 359 1432 395 homo
1466 359 1615 404 sedeat,
1650 367 1745 395 tunc
1778 366 1872 394 sunt

543 419 617 456 iste
650 420 727 454 due
761 430 869 454 vere:
911 417 1050 466 aliquis
1083 417 1196 452 lzonzo
1232 417 1370 461 currit,
1411 425 1448 453 et
1480 417 1619 466 aliquis
1651 417 1765 452 homo
1798 428 1871 452 non

543 477 681 520 currit,
715 485 753 512 et
785 475 816 512 si
851 474 1019 523 quilibet
1052 475 1173 511 homo
1208 474 1344 520 currit,
1379 483 1475 511 tunc
1509 483 1566 511 θεῖ
1598 487 1678 511 una
1709 486 1804 511 vera
1834 482 1873 510 et

544 535 621 571 alia
654 535 768 570 falsa.

603 594 681 629 Lex
726 601 763 628 et
806 600 952 628 natura
992 590 1404 628 contradictoriarum
1444 590 1535 627 talis
1574 599 1632 627 est
1671 592 1794 639 quod,
1842 589 1874 626 si

545 663 623 687 una
656 659 713 687 est
744 662 851 695 vera,
885 649 1042 698 reliqua
1076 649 1150 686 erit
1182 649 1280 686 falsa
1313 649 1354 685 in
1386 649 1573 685 omnibus
1606 649 1804 695 terminis,
1838 657 1877 685 et

542 709 653 745 nulla
686 717 744 745 est
777 707 982 756 excepci03
1015 716 1059 743 ut
1091 707 1123 744 si
1157 708 1230 744 hec
1263 716 1320 744 est
1352 719 1465 744 vera:
1499 707 1655 757 quilibet
1686 708 1799 744 homo
1821 714 1877 743 est

544 767 752 811 virtuosus,
785 767 858 803 hec
891 766 966 802 erit
998 766 1117 802 falsa:
1152 765 1292 815 aliquis
1324 766 1438 802 horno
1472 778 1545 801 non
1579 772 1634 802 est
1664 765 1873 803 virtuosus.

602 826 680 861 Lex
712 834 749 861 et
780 833 928 861 natura
960 825 1284 860 subalternarum
1319 823 1409 860 talis
1444 832 1502 860 est
1531 825 1640 872 quod
1664 823 1695 859 si
1718 822 1876 860 univer-

543 883 636 919 salis
670 891 728 919 est
754 895 861 929 vera,
895 895 966 918 sua
989 882 1247 930 particularis
1281 881 1356 918 erit
1386 894 1481 918 vera
1506 890 1543 918 θῖ
1566 894 1648 918 non
1672 894 1691 918 θ
1715 890 1875 928 contra3
1898 894 1907 915 1

542 950 586 977 ut
626 940 657 977 si
699 942 772 978 hec
805 940 856 977 sit
894 953 1006 977 vera:
1053 941 1177 977 omnis
1207 941 1400 990 sapiencia
1433 953 1455 976 a
1489 940 1658 977 Domino
1691 941 1775 976 Deo
1808 947 1876 983 est,

544 1000 616 1036 hec
649 999 723 1035 erit
755 1011 867 1036 vera:
902 999 1031 1047 aliqua
1064 999 1261 1048 sapiencia
1293 1011 1315 1034 a
1348 998 1518 1035 Domino
1551 999 1636 1035 Deo
1667 1005 1743 1043 est;
1775 1006 1812 1034 et
1844 997 1876 1033 si

544 1059 617 1094 hec
649 1057 724 1094 erit
750 1069 861 1094 vera:
897 1057 1023 1093 onznia
1042 1069 1118 1106 per
1140 1057 1264 1106 ipsum
1277 1058 1393 1106 facta
1416 1064 1517 1102 sunt,
1553 1057 1624 1093 hec
1658 1056 1731 1093 erit
1764 1068 1875 1092 vera:

544 1116 672 1165 aliqua
701 1128 777 1165 per
809 1116 935 1165 ipsum
958 1116 1074 1164 facta
1107 1122 1217 1159 sunt;
1249 1123 1286 1152 et
1318 1114 1375 1151 sic
1411 1116 1459 1151 de
1492 1114 1701 1163 negativis.

602 1176 651 1210 Et
682 1175 863 1210 notanda
896 1182 954 1210 est
987 1185 1066 1211 una
1091 1174 1229 1221 regula
1252 1173 1450 1221 generalis
1474 1174 1525 1209 ad
1547 1173 1875 1221 respondendum

545 1233 595 1268 ad
628 1232 727 1268 tales
761 1227 1067 1280 proposiciones
1102 1231 1274 1280 qualiter
1308 1231 1414 1268 stant
1447 1230 1487 1267 in
1522 1231 1670 1279 figura;
1712 1239 1749 1267 et
1782 1242 1877 1279 que-

545 1291 670 1327 rendo
694 1291 901 1339 quomodo
926 1298 1033 1326 stant
1056 1289 1097 1326 in
1120 1289 1274 1338 figura?
1304 1289 1438 1326 Omnis
1459 1290 1653 1339 sapiencia
1676 1302 1698 1325 a
1723 1289 1876 1325 domino

546 1349 616 1385 deo
656 1356 732 1393 est‚·
771 1357 828 1384 et:
869 1348 974 1384 nulla
1015 1348 1208 1397 sapiencia
1242 1361 1263 1383 a
1296 1348 1465 1384 Domino
1499 1348 1583 1384 Deo
1618 1355 1685 1393 est,
1727 1347 1877 1384 dicitur

546 1407 654 1455 quod
679 1406 893 1453 contrarie,
929 1406 1023 1455 quia
1046 1405 1286 1443 universalis
1309 1405 1553 1443 affirmativa
1577 1414 1614 1442 et
1637 1405 1874 1442 universalis

544 1464 729 1513 negativa
768 1466 816 1501 de
855 1463 1133 1501 consimilibus
1171 1464 1390 1513 predicatis
1423 1463 1615 1501 subiectis
1648 1472 1685 1500 et
1719 1463 1875 1512 copulis

545 1532 582 1559 et
614 1523 796 1559 terminis
830 1523 984 1571 precise
1017 1536 1090 1571 pro
1122 1522 1272 1559 eisdem
1297 1522 1649 1571 supposicionibus
1673 1521 1877 1559 contrarie

543 1590 650 1618 stant
682 1581 723 1618 in
756 1581 898 1630 figura.
932 1583 980 1617 Et
1013 1581 1068 1617 sic
1099 1582 1368 1629 respondetur
1392 1582 1440 1617 de
1463 1580 1552 1617 aliis
1575 1580 1714 1629 figuris
1737 1593 1877 1617 secun-

544 1641 638 1676 dum
673 1639 921 1688 quantitates
952 1639 1300 1688 proposicionum.
1335 1642 1383 1675 Et
1407 1640 1483 1676 hoc
1506 1648 1602 1676 nota
1626 1640 1735 1688 quod
1758 1652 1878 1687 opor-

543 1707 599 1734 tet
633 1699 743 1747 quod
776 1697 873 1735 talia
907 1710 984 1747 que
1017 1706 1125 1735 stant
1157 1697 1198 1734 in
1232 1698 1361 1746 figura
1394 1697 1492 1734 fiant
1526 1699 1574 1734 de
1598 1697 1876 1735 consimilibus

544 1756 745 1803 subiectis,
788 1756 1004 1805 predicatis
1039 1765 1076 1792 et
1110 1756 1286 1805 copulis3
1327 1755 1422 1805 quia
1454 1756 1551 1793 talia
1583 1769 1666 1793 non
1698 1765 1805 1793 stant
1837 1755 1878 1792 in

544 1815 691 1863 figura:
728 1815 850 1852 omnis
883 1815 1076 1865 sapiencia
1110 1828 1131 1850 a
1166 1815 1321 1851 domino
1357 1815 1426 1851 deo
1450 1822 1517 1862 est,
1552 1823 1588 1851 et
1622 1815 1728 1851 nulla
1753 1815 1878 1851 virtus

543 1886 564 1909 a
590 1874 745 1910 domino
770 1874 840 1910 deo
864 1881 932 1917 est,
957 1873 1053 1921 quia
1076 1872 1150 1910 ista
1175 1875 1255 1910 duo
1279 1872 1474 1919 subiecta,
1509 1872 1660 1909 scilicet
1684 1873 1876 1922 sapiencia

545 1940 582 1967 et
606 1932 743 1980 virtus,
776 1945 859 1969 non
891 1941 983 1968 sunt
1015 1931 1178 1968 termini
1203 1931 1419 1979 synonimi.
1454 1933 1503 1967 Et
1525 1940 1685 1979 oportet
1707 1930 1876 1968 ulterius

545 1991 653 2038 quod
693 1989 856 2026 termini
896 1990 1050 2038 precise
1083 2003 1157 2038 pro
1194 1989 1344 2026 eisdem
1379 1998 1624 2038 supponant,
1672 1989 1766 2038 quia
1801 1989 1877 2026 ista

545 2061 624 2084 non
647 2057 755 2085 stant
788 2047 828 2084 in
862 2048 1008 2096 figura:
1044 2049 1303 2084 omnishomo
1337 2056 1393 2085 est
1428 2057 1465 2084 et
1498 2048 1638 2097 aliquis
1667 2049 1780 2084 lzomo
1804 2060 1876 2084 non

545 2114 621 2152 est‚·
653 2106 749 2155 quia
783 2106 1007 2143 subiectum
1042 2106 1082 2142 in
1116 2106 1332 2143 universali
1367 2106 1559 2155 supponit
1588 2115 1671 2143 tarn
1696 2119 1769 2154 pro
1794 2119 1877 2143 ma-

544 2164 664 2201 sculis
698 2177 820 2213 quam
853 2165 1042 2211 femellis;
1076 2165 1171 2213 quia
1204 2174 1286 2201 tam
1321 2165 1480 2212 signum
1504 2164 1728 2201 universale
1753 2177 1875 2213 quam

545 2222 771 2259 subiectum
806 2235 877 2271 per
910 2223 1042 2271 ipsum
1078 2223 1338 2259 distributum
1364 2232 1421 2259 θεῖ
1445 2222 1576 2259 omnis
1602 2222 1772 2271 generis,
1808 2223 1876 2258 sed

545 2280 771 2317 subiectum
804 2281 844 2317 in
878 2281 1112 2330 particulari
1145 2295 1226 2318 non
1259 2281 1449 2330 supponit
1479 2281 1554 2317 nisi
1578 2281 1672 2318 solis
1696 2294 1769 2329 pro
1794 2293 1877 2317 ma-

545 2339 685 2385 sculis;
732 2339 826 2388 quia
866 2341 940 2376 hoc
980 2339 1139 2387 signum
1182 2339 1427 2388 particulare
1471 2340 1610 2388 aliquis
1648 2348 1705 2376 est
1745 2340 1875 2376 solum

547 2397 757 2434 masculini
781 2398 950 2445 generis.
975 2400 1023 2434 Et
1045 2411 1116 2446 per
1139 2399 1214 2434 hoc
1238 2397 1531 2435 determinatur
1546 2398 1621 2434 hoc
1636 2397 1875 2444 subiectum,

546 2457 674 2501 homo,
709 2457 757 2492 ad
791 2457 1103 2504 supponendum
1138 2457 1267 2493 solum
1302 2470 1374 2504 pro
1410 2456 1610 2493 masculis.

605 2516 653 2550 Et
685 2516 926 2561 notandum,
962 2528 1052 2551 cum
1078 2515 1278 2563 queritur:
1314 2516 1401 2560 Que
1435 2524 1492 2551 est
1526 2514 1616 2565 ista,
1651 2515 1765 2551 homo
1788 2514 1876 2550 est?

548 2574 894 2620 respondendum:
920 2573 993 2609 Est
1016 2574 1252 2624 categorica.
1279 2574 1356 2609 Sed
1381 2582 1541 2619 contra3
1568 2573 1795 2621 categorica
1819 2581 1877 2608 cst

626 2743 675 2773 ¹4·
712 2732 914 2776 Negativis.
949 2733 1015 2764 'We
1043 2743 1122 2775 may
1150 2733 1217 2764 add
1244 2732 1317 2764 that
1343 2732 1402 2764 the
1436 2733 1550 2775 falsity
1577 2733 1617 2764 of
1639 2733 1874 2764 subalternate

551 2780 789 2820 propositions
818 2780 975 2820 tlepends
1002 2790 1047 2810 on
1076 2779 1149 2810 that
1177 2779 1216 2810 of
1239 2779 1296 2810 the
1331 2782 1398 2812 less
1425 2780 1599 2810 universal
1631 2780 1671 2811 of
1701 2779 1758 2811 the
1790 2786 1873 2810 two.

551 2825 620 2855 For
646 2826 811 2865 instance,
839 2827 888 2856 all
916 2836 992 2858 men
1014 2836 1076 2857 are
1105 2826 1346 2867 quadr-tepetis,
1375 2827 1441 2857 and
1468 2836 1564 2858 some
1593 2837 1667 2859 men
1696 2836 1759 2858 are
1786 2837 1875 2868 qua-

551 2872 716 2911 drupeds.

1893 593 1910 625 5

1899 1176 1935 1208 15

1894 1478 1936 1499 20

1895 1760 1935 1792 25

1895 2052 1936 2084 30

1894 2342 1934 2376 35
