2132 3319
189 873 227 893 10

188 1152 223 1184 15

184 1732 222 1764 25

178 2614 223 2645 40

182 2050 192 2055 -
238 2023 379 2057 Petrus
410 2029 465 2057 θεῖ
496 2022 621 2057 solum
655 2021 782 2067 homo,
827 2020 920 2069 quia
955 2020 1039 2068 ipse
1084 2029 1140 2056 est
1173 2021 1287 2056 homo
1329 2029 1366 2057 et
1398 2021 1557 2067 animal,

248 229 337 258 CAP.
358 230 440 258 xiv.
807 232 993 264 LOGICA.
1800 225 1843 260 51

304 338 511 377 Exclusiva
544 338 727 386 negativa
762 340 878 374 debet
912 338 1051 386 exponi
1085 351 1154 386 per
1184 352 1295 375 suam
1322 339 1561 386 preiacentis
1620 347 1807 385 Anegafive

245 397 486 445 negativam,
521 406 557 432 et
590 409 661 444 per
694 396 958 432 universalem
982 396 1264 433 affirmativam
1300 399 1348 433 de
1382 397 1562 445 subiecto
1596 382 1791 450 psgfflsuissfflss
1814 416 1839 442 is

245 463 461 504 aggregato
495 466 537 490 ex
571 454 742 490 termino
766 455 1074 490 transcendente
1108 464 1144 490 et
1168 454 1340 491 termino
1374 455 1561 502 opposito
1578 450 1810 519 ῖὴὲζῗοὸἓῇἓῇ
1825 485 1852 512 is

243 513 423 549 subiecto
456 512 696 560 preiacentis
729 521 771 547 ut
805 512 897 548 ista:
939 513 1099 547 Tantum
1132 514 1239 549 Deus
1271 525 1343 549 non
1378 520 1433 548 θεῖ
1460 525 1561 561 pure
1620 522 1675 558 ⁷30t
1692 519 1728 552 Β,
1749 520 1768 563 i:
1790 528 1814 546 e.

244 578 440 618 creatura,
473 571 590 606 debet
623 569 679 606 sic
712 569 874 618 exponi:
908 571 1015 605 Deus
1048 583 1118 606 non
1153 578 1208 606 est
1242 583 1347 620 pure
1378 578 1560 606 creatura
1575 553 1771 623 ‘ngssynssgtfq
1785 555 1852 615 ἓξὲξ

244 639 281 665 θῖ
314 641 423 665 omne
455 629 556 677 quod
587 635 643 664 est
675 640 747 663 non
782 629 888 663 Deus
920 635 975 663 θεῖ
1003 640 1104 676 pure
1136 636 1332 671 creatura,
1368 641 1461 676 ergo
1486 637 1559 664 etc.
1595 622 1783 685 .·.n00nllyBA
1804 624 1829 650 ῖς

244 690 292 723 Et
326 687 421 723 ista:
455 687 578 722 solum
613 686 726 722 homo
760 699 831 721 non
865 693 919 721 θεῖ
941 686 1049 720 aliud
1071 686 1116 721 ab
1151 687 1302 722 homine
1338 684 1472 737 [debet
1506 686 1561 722 sic
1760 679 1765 684 ⁷

244 744 403 793 exponi:
438 745 550 780 homo
595 756 667 780 non
707 751 762 779 θεῖ
800 744 909 779 aliud
940 744 986 778 ab
1020 741 1203 795 homine],
1249 753 1285 780 et
1319 757 1428 780 omne
1461 745 1562 792 quod

242 811 298 840 θεῖ
330 815 401 839 non
436 803 549 838 homo
594 809 649 838 θεῖ
680 802 788 837 aliud
830 801 875 836 ab
921 801 1088 837 homine:
1138 814 1232 850 ergo
1278 810 1351 838 etc.
1398 804 1445 838 Et
1488 801 1560 838 iste

243 860 436 897 exclusive
488 869 578 896 sunt
621 872 724 896 vere.
770 861 818 894 Et
862 860 1085 895 notandum
1126 861 1233 907 quod
1278 860 1318 896 in
1363 859 1561 896 exclusiva
1640 877 1681 905 So
1702 877 1787 904 these

242 918 495 964 affirmativa,
530 917 781 965 predicatum
815 917 1042 953 affirmatur
1075 918 1123 952 de
1155 917 1336 954 subiecto
1369 926 1406 953 et
1430 930 1561 953 remo·
1577 912 1844 980 Psfflffffffiiffijg’if

241 986 354 1013 vetur
377 978 425 1013 ab
449 976 635 1024 opposito
659 974 847 1022 subiecti,
875 974 977 1010 sicut
1002 974 1127 1011 eciam
1155 975 1221 1022 [in]
1247 975 1321 1012 ista
1346 975 1560 1012 exclusiva:
1603 981 1703 1008 affirm
1724 981 1759 1008 of
1776 982 1825 1009 the

242 1035 373 1070 Solum
403 1035 509 1070 Deus
541 1042 596 1070 est
629 1034 879 1082 ommipotens,
910 1034 984 1068 hoc
1008 1033 1273 1080 predicatum,
1308 1034 1559 1082 omnipotens,
1618 1016 1736 1087 suggere}
1751 1017 1815 1078 ἔξω

241 1093 467 1129 affirmatur
499 1093 546 1127 de
580 1094 663 1127 Deo
698 1100 734 1128 et
768 1099 998 1127 removetur
1030 1092 1078 1127 ab
1112 1091 1221 1127 omni
1251 1093 1358 1139 quod
1392 1104 1472 1127 non
1504 1100 1561 1127 est
1575 1086 1850 1155 Ξζῇῑζξᾞὲὲἓᾶᾗῇξζ

242 1154 359 1187 Deus.
395 1151 472 1187 Sed
505 1149 545 1186 in
578 1149 774 1186 exclusiva
807 1148 1005 1196 negativa,
1040 1149 1291 1196 predicatum
1334 1159 1562 1187 removetur
1605 1155 1673 1191 they
1694 1155 1774 1193 deny
1794 1156 1829 1182 οῖ’

241 1222 260 1245 a
295 1208 476 1245 subiecto
510 1217 547 1244 et
580 1207 812 1244 attribuitur
846 1206 1087 1254 cuicumque
1131 1207 1318 1255 opposito
1363 1207 1557 1253 subiecto,
1584 1189 1849 1251 thaeffi⁵s¹ss³eocftffl¹d

242 1267 336 1315 quia
370 1266 425 1302 sic
459 1266 648 1302 dicendo:
694 1273 841 1301 tantum
875 1264 983 1302 Deus
1017 1278 1089 1301 non
1123 1273 1177 1301 est
1215 1278 1318 1315 pure
1362 1273 1559 1311 creatura,
1593 1259 1696 1294 things
1718 1259 1831 1287 beside.

241 1333 468 1362 removetur
501 1337 522 1360 a
555 1326 640 1360 Deo
673 1324 894 1360 secundum
929 1322 1119 1359 deitatem
1161 1333 1198 1360 et
1242 1323 1468 1360 affirmatur
1513 1325 1561 1360 de

241 1383 352 1420 omni
387 1395 427 1418 re
461 1395 537 1430 que
570 1395 650 1418 non
685 1391 741 1418 est
774 1383 894 1418 Deus.

299 1443 410 1486 Item,
445 1440 663 1488 aliquando
697 1439 907 1487 exponitur
939 1439 1184 1487 proposicio,
1220 1439 1261 1475 in
1292 1452 1370 1488 qua
1393 1439 1561 1487 ponitur
1592 1457 1696 1484 Butif
1712 1457 1765 1485 onl
1805 1457 1830 1484 is

241 1498 436 1536 terminus
471 1498 690 1535 exclusivus
723 1497 885 1534 racione
919 1497 1161 1545 pluralitatis
1194 1498 1254 1533 vel
1288 1510 1488 1545 excessus,
1524 1507 1560 1534 et
1575 1492 1624 1554 Ἓξ
1640 1500 1728 1554 ,ζῗῶῗὲ
1745 1493 1849 1554 Πῗέᾗᾶῑ

1823 1548 1830 1560 ‚

239 1567 335 1593 tunc
380 1558 497 1593 debet
534 1556 624 1592 talis
664 1555 895 1604 proposicio
948 1555 1003 1591 sic
1050 1555 1271 1604 predicari3
1317 1555 1420 1592 sicut
1463 1555 1558 1592 ista:
1643 1562 1714 1589 then
1735 1562 1785 1600 irie

245 1615 424 1651 Christus
456 1622 511 1651 est
541 1615 666 1650 solum
700 1615 825 1659 homo,
860 1615 977 1650 debet
1010 1613 1065 1650 sic
1099 1613 1262 1661 exponi:
1301 1613 1482 1650 Christus
1505 1621 1560 1650 θεῖ
1615 1601 1814 1667 ΡἯῚᾞἯᾏΟΠ

240 1674 352 1710 homo
386 1681 423 1709 et
461 1673 640 1709 Christus
674 1685 749 1710 non
781 1679 837 1708 est
865 1673 955 1721 plus
988 1684 1100 1721 quam
1134 1672 1260 1717 homo,
1296 1684 1389 1720 ergo
1413 1680 1486 1708 etc.
1511 1674 1559 1708 Et
1620 1666 1804 1728 exptfflrgded

239 1740 333 1768 tunc
365 1739 475 1779 patet
508 1732 614 1779 quod
649 1730 780 1766 minor
813 1739 870 1766 est
904 1731 1014 1775 falsa,
1048 1729 1198 1766 scilicet
1233 1731 1339 1778 quod
1378 1730 1558 1766 Christus
1572 1734 1595 1762 Α
1612 1735 1637 1762 is
1651 1736 1848 1776 qner;i.e.

238 1802 311 1826 non
354 1796 410 1826 θεῖ
436 1790 529 1838 plus
563 1801 675 1837 quam
709 1789 842 1824 homo:
883 1788 977 1837 quia
1011 1788 1193 1824 Christus
1227 1796 1284 1824 est
1335 1796 1417 1825 tam
1452 1790 1557 1824 Deus
1585 1770 1732 1833 AAsszsngi’t,
1748 1771 1832 1833 2235

240 1860 361 1896 quam
396 1848 518 1883 homo
553 1855 590 1883 et
635 1859 717 1883 θεεθ
748 1846 875 1883 Deum
924 1854 959 1882 θῖ
1003 1858 1085 1882 θεεθ
1129 1846 1319 1882 hominem
1367 1855 1423 1882 est
1469 1846 1556 1894 plus
1573 1841 1849 1903 ButttiiiesnisB'false

239 1918 319 1942 θεεθ
359 1918 479 1954 quam
515 1905 704 1940 hominem
724 1917 799 1954 per
830 1917 881 1950 εθ,
917 1905 978 1941 vel
1010 1905 1098 1952 plus
1128 1917 1250 1952 quam
1275 1905 1402 1941 Deum
1420 1917 1497 1954 per
1518 1917 1557 1941 εθ
1593 1911 1755 1950 κνὴεςῃονες
1775 1910 1825 1937 the

239 1973 276 2000 et
308 1976 380 1999 non
414 1954 617 1999 lzominen‘t.
653 1965 700 1998 Et
733 1962 808 1999 isto
844 1964 965 1999 modo
1000 1971 1056 1998 est
1080 1962 1155 1998 ista
1179 1962 1413 2010 proposicio
1437 1946 1849 2017 f31833prsebfiggsslt51ssunsot

1635 2015 1710 2043 with
1730 2017 1780 2042 the

651 2079 657 2085 .
830 2079 836 2084 .
1099 2078 1105 2085 .
1273 2079 1279 2085 .
1643 2049 1776 2085 subject3

238 2092 380 2129 corpus
404 2088 440 2115 et
462 2080 692 2116 substancza.
728 2081 775 2115 Et
808 2092 863 2115 Sic
897 2091 978 2114 esse
1000 2079 1189 2114 hominem
1214 2079 1359 2114 animal
1388 2087 1445 2115 est
1468 2079 1557 2126 plus

238 2151 318 2174 θεεθ
350 2150 470 2185 quam
505 2138 694 2173 hominem
727 2149 820 2173 θεεθ.
855 2138 902 2172 Et
932 2136 987 2172 sic
1023 2137 1145 2172 homo
1177 2149 1257 2172 non
1286 2137 1417 2173 solum
1448 2136 1556 2182 vivit,

238 2197 307 2232 sed
338 2195 463 2232 eciam
488 2195 620 2242 sentit,
643 2195 763 2241 videt,
798 2203 1002 2242 operatur,
1036 2194 1221 2242 intelligit
1255 2203 1292 2230 et
1324 2195 1407 2231 vult
1430 2195 1555 2231 multa

236 2254 379 2290 facere.
414 2256 462 2290 Et
494 2253 675 2300 breviter,
711 2254 1034 2301 quandocunque
1068 2252 1203 2300 aliqua
1237 2252 1466 2301 predicacio
1500 2262 1557 2290 θεῖ

239 2311 358 2349 alicui
392 2311 661 2358 attribuenda,
696 2321 733 2348 et
766 2311 843 2348 alia
878 2323 954 2359 que
987 2324 1067 2347 non
1112 2320 1169 2347 est
1203 2324 1429 2359 synonyma
1464 2324 1553 2348 cum

238 2370 319 2416 illa,
353 2379 449 2406 tunc
482 2383 563 2406 non
596 2370 726 2406 solum
761 2369 835 2405 sibi
869 2369 936 2405 illa
970 2368 1199 2417 predicacio
1233 2369 1349 2405 inest.

296 2431 344 2464 Et
370 2437 533 2477 propter
560 2429 636 2464 hoc
670 2428 798 2473 multi,
832 2441 911 2464 non
945 2436 1200 2475 acceptantes
1232 2427 1353 2464 istum
1388 2428 1555 2463 modurn
1598 2443 1632 2461 so
1653 2435 1702 2477 the
1724 2435 1809 2473 wora

238 2486 443 2534 loquendi,
478 2495 657 2522 statuunt
681 2486 755 2522 sibi
782 2499 905 2522 novos
929 2486 1123 2522 terminos
1147 2485 1378 2531 exclusivos,
1403 2485 1556 2522 scilicet
1567 2470 1847 2539 pzffitlibfflegwig

239 2544 355 2581 istos:
384 2557 486 2594 pure
520 2553 556 2580 et
590 2557 715 2580 mere:
747 2553 789 2579 ut
824 2557 891 2580 ens
926 2552 983 2580 est
1010 2556 1112 2593 pure
1135 2543 1282 2590 taliter,
1317 2545 1481 2591 quando
1498 2552 1555 2580 est
1599 2540 1691 2566 snare
1711 2539 1742 2566 in
1762 2539 1813 2566 [Μ’

238 2603 373 2639 taliter
397 2602 480 2639 sine
504 2602 822 2650 participacione
855 2601 1023 2638 alicuius
1048 2601 1229 2638 habentis
1264 2602 1556 2639 contradiccio-
1618 2582 1794 2644 qzcality,is

238 2673 329 2698 nem
363 2660 613 2709 oppositam,
652 2669 695 2697 ut
734 2669 791 2697 est
830 2672 929 2709 pure
962 2661 1097 2697 album
1132 2662 1295 2709 quando
1330 2669 1386 2697 est
1420 2660 1555 2697 album
1616 2643 1796 2679 preferable.

308 2839 334 2865 7,
349 2830 375 2859 8<
398 2831 435 2857 ab
456 2830 577 2858 homine
597 2846 627 2849 —
648 2830 685 2857 ab
706 2830 830 2858 homine
847 2830 939 2857 deest.
1037 2838 1074 2858 12.
1096 2831 1125 2857 in
1144 2830 1242 2857 deest.
1334 2829 1373 2857 31.
1396 2835 1439 2857 est
1461 2831 1556 2857 homo

237 2865 351 2893 animal
375 2874 440 2900 ςεξθ
461 2870 514 2892 θεῖ.
589 2873 631 2898 41.
653 2865 731 2893 alba.

1400 2913 1416 2929 εκ

1369 2924 1392 2953 4
