2132 3319
255 260 304 294 70

287 842 312 861 2.
336 834 504 860 Wliatever

285 869 407 895 tollows
429 869 509 895 from

264 905 312 930 tlte
333 903 469 938 junction
492 903 526 929 ot‘

361 943 423 965 two

286 973 510 1009 propositions,

275 1017 333 1036 one
354 1008 463 1036 denied
486 1008 515 1035 in

265 1044 381 1079 reality,
403 1043 461 1070 and
485 1043 535 1069 the

286 1079 374 1106 other
394 1079 507 1114 during

264 1114 313 1140 the
334 1114 478 1147 exercise,
501 1114 525 1140 is

264 1153 294 1175 to
316 1149 350 1175 be
371 1149 530 1181 admitted,

283 1184 437 1210 whatever
457 1184 506 1210 the

288 1226 500 1253 consequence

330 1262 399 1289 may
421 1254 466 1280 be.

347 1471 372 1500 3.
394 1473 422 1500 If
439 1482 454 1500 a

278 1508 472 1543 proposition
494 1507 519 1534 is

296 1544 458 1570 irrelevant
478 1548 508 1570 to

280 1579 327 1605 tlte
348 1579 521 1613 obligatorv

268 1621 336 1647 one,
357 1614 378 1641 it
400 1619 482 1641 must
504 1610 538 1641 be

274 1650 433 1676 answered
457 1657 489 1675 as
510 1649 530 1676 it

315 1683 340 1710 is
361 1684 491 1716 known3

298 1719 444 1745 admitted
466 1727 499 1745 as

273 1758 348 1786 true,
369 1754 477 1781 denied
499 1762 531 1781 as

333 1789 419 1821 false,
441 1797 476 1815 or

308 1824 442 1851 doubted
465 1832 497 1850 as

317 1859 484 1886 uncertain.

985 255 1210 286 JOHANNIS
1237 255 1424 286 WYCLIF
1667 252 1756 280 CAP.
1778 252 1874 280 XXII.

547 374 668 410 quan]
703 373 947 409 repugnans,
983 360 1077 409 quia
1110 360 1184 397 ista
1218 370 1275 396 est
1298 362 1453 409 regula:
1479 363 1610 398 Omne
1643 374 1872 410 repugnans

547 419 679 466 posito
727 432 748 455 a
790 428 828 454 te
877 427 934 454 est
983 420 1225 467 negandum.
1273 419 1427 455 Deinde
1473 429 1727 467 proponatur
1766 420 1873 455 Anti-

546 477 716 513 christus
739 485 793 512 est
811 477 1035 513 contrarius
1056 477 1224 513 Christo.
1251 478 1520 522 Concedatur,
1542 477 1636 525 quia
1655 478 1729 514 hoc
1754 477 1874 525 signi-

547 534 640 571 ficat
672 547 821 571 nomen
855 534 951 571 eius.
1002 534 1169 580 Deinde,
1210 534 1241 570 si
1275 544 1451 583 ponatur
1484 535 1579 572 ista:
1613 536 1875 572 Antichristus

547 593 687 629 viciose
709 593 826 637 vivit5
859 602 915 628 est
940 604 1111 640 sequens
1139 605 1182 629 ex
1205 593 1352 643 posito,
1376 594 1437 630 vel
1461 594 1561 630 bene
1586 606 1792 639 concesso,
1814 593 1909 629 vel5

548 662 737 687 concesso
760 651 930 687 durante
954 659 1136 698 ternpore
1160 650 1444 698 obligacionis:
1471 660 1528 688 est
1547 664 1569 688 a
1591 660 1629 687 te
1653 652 1874 688 conceden-

549 710 659 744 dum.
708 711 755 744 Et
788 707 1012 745 formaliter
1046 708 1247 757 sequitur:
1291 710 1553 746 Antichristus
1586 717 1642 745 est
1674 710 1800 755 homo,
1842 717 1877 745 et

548 767 628 815 ipse
651 774 704 802 est
729 767 952 802 contrarius
973 767 1152 811 Christo;
1174 779 1272 817 ergo
1292 767 1555 803 Antichristus
1585 767 1718 804 vitiose
1742 767 1847 803 vivit.
1869 763 1872 818 Ι

606 824 695 860 Alia
742 826 880 873 regula
934 833 991 860 est
1037 824 1138 860 ista:
1193 837 1313 861 omne
1357 825 1582 862 formaliter
1628 837 1798 873 sequens
1833 837 1875 860 ex
1920 828 1975 859 13⁸

550 882 682 929 posito
728 895 817 919 cum
865 883 1051 931 opposito
1097 884 1197 919 bene
1244 883 1392 931 negati,
1433 884 1493 919 vel
1541 896 1630 920 curn
1677 882 1936 931 oppositisio

550 941 649 976 bene
681 949 922 989 negatorum
956 942 1128 977 durante
1161 950 1346 989 tempore
1380 940 1658 989 obligacionis,
1694 950 1752 978 est
1785 954 1808 977 a
1839 949 1877 977 te

551 1000 870 1037 concedendum.
924 1001 988 1044 Ut,
1040 1012 1147 1047 pono
1187 999 1258 1036 tibi
1299 999 1436 1036 istam:
1484 1000 1618 1036 Omnis
1662 1000 1775 1036 horno
1822 1006 1877 1035 est

551 1058 685 1103 Rome,
725 1057 910 1093 admitto.
955 1057 1108 1093 Deinde
1148 1070 1331 1106 propono
1371 1058 1509 1094 istam:
1571 1059 1625 1093 Tu
1664 1070 1704 1094 es
1742 1059 1877 1100 Rome,

551 1124 733 1162 negatur,
769 1115 862 1163 quia
896 1115 994 1151 falsa
1028 1124 1065 1151 et
1099 1115 1359 1163 impertinens.
1394 1116 1548 1152 Deinde
1582 1128 1769 1164 propono
1802 1114 1876 1151 tibi

551 1172 689 1209 istam:
724 1181 762 1208 tu
797 1186 836 1209 es
869 1174 1003 1218 homo;
1034 1182 1217 1221 negatur,
1254 1173 1349 1222 quia
1382 1182 1581 1222 repugnat
1618 1173 1752 1221 posito
1786 1177 1935 1209 cum15

550 1231 739 1279 opposito
773 1233 872 1267 bene
896 1231 1044 1279 negati.
1080 1231 1233 1267 Deinde
1257 1245 1461 1280 propono:
1496 1240 1535 1267 tu
1569 1244 1641 1267 non
1675 1244 1714 1268 es
1744 1232 1880 1275 homo,-

552 1289 798 1335 conceditur,
851 1289 946 1337 quia
1003 1288 1183 1337 sequitur
1229 1302 1271 1326 ex
1317 1290 1506 1338 opposito
1552 1302 1643 1326 curn
1690 1289 1878 1338 opposito

551 1349 650 1384 bene
695 1347 839 1395 negati,
887 1347 980 1396 quia
1013 1347 1214 1396 sequitur:
1256 1349 1379 1384 omnis
1418 1349 1531 1384 homo
1565 1355 1620 1384 est
1652 1349 1797 1393 Rome,·
1840 1355 1878 1383 tu

551 1418 624 1441 non
658 1418 696 1442 es
728 1407 870 1442 Rome:
917 1406 1042 1456 igitur
1074 1413 1113 1441 tu
1146 1419 1218 1442 non
1253 1419 1291 1442 es
1324 1407 1449 1442 homo.

610 1463 699 1500 Alia
732 1465 869 1512 regula
909 1473 966 1500 est
1009 1464 1104 1500 ista:
1150 1465 1210 1501 Ad
1256 1464 1503 1512 impertinens
1549 1465 1877 1512 respondendum
1897 1476 1939 1497 20

554 1531 611 1558 est
643 1523 866 1558 secundum
901 1535 1013 1558 suam
1049 1522 1296 1570 qualitatem.
1345 1524 1431 1559 Hoc
1465 1531 1541 1559 est:
1582 1522 1613 1558 si
1652 1522 1702 1559 sit
1744 1522 1879 1570 aliqua

553 1580 784 1628 proposicio
818 1589 855 1617 et
889 1580 1136 1628 inpertinens
1170 1581 1270 1617 scita
1303 1594 1325 1617 a
1358 1590 1395 1617 te
1429 1593 1513 1618 esse
1544 1593 1650 1626 vera,
1696 1589 1754 1617 est
1787 1593 1809 1617 a
1842 1588 1880 1617 te

555 1640 827 1675 concedenda.
874 1639 913 1674 Si
948 1639 997 1674 sit
1030 1639 1129 1675 falsa
1164 1648 1200 1675 et
1233 1640 1333 1675 scita
1367 1652 1389 1675 a
1422 1648 1460 1676 te
1494 1651 1577 1676 esse
1610 1639 1724 1685 falsa,
1767 1647 1825 1675 est
1858 1650 1880 1674 a

555 1706 592 1732 te
624 1698 822 1746 neganda,
868 1699 916 1732 Et
950 1696 980 1732 si
1014 1697 1064 1733 sit
1098 1696 1232 1743 dubia,
1273 1697 1372 1734 scita
1406 1710 1428 1734 a
1461 1707 1498 1734 te
1532 1709 1617 1733 esse
1651 1697 1786 1744 dubia,
1822 1705 1879 1733 est

556 1768 577 1791 a
609 1764 647 1791 te
681 1755 916 1792 dubitanda.
952 1755 1158 1791 Pertinens
1192 1755 1301 1792 casui
1336 1764 1393 1791 est
1426 1755 1524 1792 illud
1558 1756 1666 1804 quod
1699 1754 1879 1804 sequitur
1897 1757 1936 1789 25

558 1814 619 1849 vel
640 1822 848 1861 repugnat.
875 1812 1139 1861 impertinens
1163 1813 1272 1849 casui
1291 1823 1347 1850 est
1371 1813 1469 1849 illud
1485 1815 1595 1862 quod
1609 1826 1683 1851 nec
1699 1813 1880 1863 sequitur

559 1883 632 1907 nec
666 1880 879 1920 repugnat3
920 1880 962 1907 ut
1001 1884 1108 1919 pono
1147 1871 1218 1907 tibi
1258 1872 1396 1908 istam:
1444 1873 1521 1908 Sor
1553 1873 1646 1909 vivit
1678 1872 1882 1908 caritative

552 1943 629 1979 per
671 1937 790 1965 totam
842 1930 958 1965 vitam
1007 1943 1138 1966 suam:
1190 1930 1376 1976 admitto,
1431 1943 1630 1979 propono,
1685 1931 1878 1967 concedo.

557 1987 709 2024 Deinde
744 2001 946 2036 propono:
981 1995 1019 2023 tu
1061 2001 1101 2024 es
1135 1989 1270 2029 homo,·
1316 1990 1574 2039 concedatur,
1616 1989 1710 2037 quia
1742 2001 1878 2025 verum

556 2055 593 2082 et
627 2046 908 2094 impertinens:
942 2059 1080 2082 verum
1115 2055 1172 2082 est
1206 2047 1253 2083 de
1286 2047 1406 2083 facto.
1440 2049 1488 2082 Et
1513 2056 1570 2083 est
1603 2047 1880 2094 impertinens,
1899 2050 1940 2082 30

557 2104 651 2152 quia
702 2117 784 2141 non
837 2105 1017 2153 sequitur
1069 2117 1143 2141 nec
1195 2114 1392 2153 repugnat
1445 2105 1595 2153 posito,
1653 2105 1748 2153 quia
1801 2117 1882 2140 non

557 2162 750 2210 sequitur,
797 2163 873 2198 Sor
908 2163 1000 2198 vivit
1033 2163 1237 2199 caritative
1272 2176 1349 2212 per
1390 2171 1509 2199 totam
1559 2163 1670 2199 istam
1722 2164 1884 2206 horath:

558 2233 669 2270 ergo,
704 2229 742 2256 tu
776 2233 815 2257 es
843 2222 978 2265 homo:
1009 2233 1081 2257 nec
1115 2230 1323 2269 repugnat.
1370 2222 1448 2258 Sed
1488 2230 1595 2257 stant
1628 2223 1728 2257 bene
1762 2220 1882 2257 simul

558 2280 667 2326 quod
703 2280 779 2315 Sor
811 2280 903 2315 bene
936 2279 1028 2314 vivit
1056 2292 1132 2329 per
1164 2287 1283 2315 totam
1319 2280 1435 2315 vitam
1469 2292 1592 2325 suam,
1628 2288 1666 2316 et
1698 2280 1807 2327 quod
1841 2286 1880 2314 tu

558 2337 609 2372 sis
642 2338 768 2373 homo.
804 2339 851 2373 Et
884 2337 915 2373 si
939 2347 1192 2385 proponatur
1220 2337 1309 2374 talis
1334 2337 1584 2385 proposicio,
1619 2338 1696 2373 Sor
1712 2337 1938 2387 placebit35

559 2396 643 2431 Deo
671 2408 746 2444 per
778 2403 897 2431 totam
932 2396 1048 2431 vitam
1081 2409 1213 2437 suam,-
1258 2395 1507 2442 conceditur,
1554 2395 1669 2444 quasi
1709 2407 1881 2444 sequens

559 2462 596 2489 et
620 2453 843 2501 pertinens;
878 2453 972 2502 quia
999 2454 1193 2502 sequitur,
1219 2455 1296 2490 Sor
1318 2454 1417 2490 vivet
1441 2454 1645 2490 caritative
1663 2466 1740 2502 per
1763 2461 1880 2490 totam

560 2512 675 2547 vitam
691 2525 822 2557 suam;
837 2524 934 2562 ergo
953 2513 1207 2561 Sor-placebit
1221 2513 1319 2557 Deo,
1342 2521 1379 2548 et
1403 2521 1548 2548 cetera.
1573 2514 1621 2548 Et
1643 2511 1675 2548 si
1698 2520 1883 2548 sumatur

560 2570 599 2605 in
633 2571 772 2605 eodem
809 2582 920 2606 casu:
968 2571 1110 2606 Nullus
1144 2571 1220 2606 Sor
1257 2571 1348 2606 bene
1388 2570 1492 2613 vivit,
1538 2579 1721 2618 negatur,
1767 2568 1881 2618 quasi

561 2640 787 2676 repugnans
812 2637 847 2664 et
872 2628 1094 2676 pertinens3
1129 2628 1223 2676 quia
1258 2628 1331 2664 ista
1367 2629 1445 2664 duo
1478 2641 1559 2664 non
1584 2636 1751 2676 possunt
1776 2637 1881 2664 stare
1896 2641 1940 2671 40

560 2686 679 2722 simul
713 2686 753 2721 in
786 2686 966 2729 veritate,
1006 2688 1114 2734 quod
1156 2687 1252 2722 Sors
1290 2686 1493 2722 caritative
1526 2687 1618 2721 vivit
1646 2699 1722 2735 per
1761 2693 1880 2721 totam

562 2745 677 2780 vitam
711 2757 834 2788 suam,
869 2754 905 2780 et
938 2745 1067 2780 nullus
1099 2745 1176 2779 Sor
1204 2745 1333 2793 placet
1367 2744 1463 2779 Deo.

631 2899 672 2925 io.
693 2891 799 2918 Romo.
873 2891 919 2923 34.
942 2892 1011 2926 quia
1033 2890 1141 2926 before
1161 2892 1229 2919 Sor.
