2132 3319
312 218 384 253 170

323 328 356 354 be
378 326 560 363 prevented:

390 371 423 388 as
444 362 492 388 the

323 401 516 424 movements
538 396 571 423 os

333 433 382 458 the
403 431 551 466 heavenly

322 467 440 501 bodies,
460 465 561 492 which

337 502 452 537 always
472 501 538 528 take

338 537 434 571 place,
455 543 544 570 given

337 572 416 598 their
435 578 543 597 cause:

313 617 346 644 In
367 620 447 645 most
465 624 560 649 cases,

308 653 397 679 when
419 652 458 678 its
480 659 570 678 cause

390 694 446 713 can
469 686 505 712 be

321 721 504 757 prevented:
526 728 559 747 as

359 757 410 784 the
430 756 517 783 usual

325 790 554 818 conformation

312 827 347 854 of
364 830 448 861 parts
468 825 503 852 of
520 825 569 852 the

397 860 490 895 body.

324 896 357 923 In
370 894 437 932 few
457 903 553 928 cases,

307 932 397 958 when
418 931 456 957 its
478 938 569 956 cause

301 966 327 993 is
352 970 405 992 not
425 965 577 999 naturally

303 1001 433 1027 ordered
457 1005 488 1027 to
512 1000 577 1026 that

303 1036 403 1062 etl'ect:
432 1043 475 1069 as,
500 1043 527 1061 v.
549 1043 576 1069 g.

358 1075 523 1097 monsters.

389 1140 491 1167 Three

343 1176 532 1203 corollaries.

341 1211 363 1238 Ι.
384 1210 432 1237 To
453 1218 543 1245 every

316 1245 512 1281 proposition
533 1253 566 1271 as

370 1285 400 1307 to
420 1280 504 1307 what

302 1316 442 1351 happens
462 1315 493 1342 in
514 1313 572 1342 sew

342 1359 439 1383 cases,
459 1351 544 1377 there

314 1385 525 1420 corresponds
545 1393 561 1411 a

324 1420 555 1455 contradictory

348 1464 381 1483 as
401 1460 432 1482 to
452 1455 536 1482 what

303 1492 442 1526 happens
461 1490 509 1517 for
529 1490 579 1517 the

308 1530 390 1553 most
411 1530 495 1560 part;
517 1525 569 1551 but

302 1566 355 1588 not
375 1560 572 1595 universally.

353 1597 398 1623 As
419 1599 526 1622 nature

317 1632 431 1666 always
453 1631 561 1657 orders

311 1665 492 1701 everything
512 1673 570 1692 one

302 1709 370 1736 way
385 1709 420 1728 or
438 1701 577 1734 another⁷

336 1737 361 1763 if
378 1744 435 1762 one
456 1739 544 1762 event

303 1772 441 1806 happens
466 1771 495 1797 in
521 1770 578 1797 few

363 1814 458 1839 cases,
480 1809 518 1832 its

372 1840 514 1875 negation

348 1877 487 1911 happens
507 1876 537 1902 in

389 1919 491 1946 many.

337 1946 384 1973 'ro
406 1948 440 1973 be
462 1948 537 1972 born

304 1981 376 2008 with
400 1989 485 2008 more
506 1981 577 2007 than

315 2016 370 2043 live
391 2017 502 2051 (ingess
524 2024 562 2043 on

355 2052 427 2078 each
450 2051 530 2078 hand

303 2086 443 2121 happens
470 2086 499 2113 in
521 2088 578 2112 tew

326 2130 427 2148 cases:
450 2126 503 2148 not
524 2126 555 2148 to

322 2157 355 2183 be
379 2157 454 2183 born
476 2157 557 2191 thus⁷

364 2192 393 2219 in
416 2200 519 2227 many.

336 2227 404 2254 The
424 2227 541 2254 former

385 2270 455 2289 case
476 2262 501 2289 is

329 2297 480 2324 therefore
502 2300 554 2323 not

333 2332 500 2366 according
521 2336 550 2357 to

1026 215 1250 247 JOHANNIS
1275 216 1462 247 WYCLIF
1738 213 1829 241 CAP.
1851 213 1915 241 ΧΠ.

595 324 670 359 hoc
692 334 774 357 non
798 321 1043 369 impedibilis
1067 322 1304 358 naturaliter
1327 322 1525 367 ordinata,
1551 331 1595 359 ut
1619 331 1711 358 sunt
1735 322 1915 370 eclipses,

596 380 920 425 coniuncciones,
957 388 993 415 et
1026 380 1122 416 talia
1155 392 1232 428 que
1265 389 1358 416 sunt
1392 380 1430 416 in
1465 381 1689 418 celestibus,
1723 382 1771 416 Et
1805 389 1916 416 ortus

597 448 653 475 est
694 439 837 474 modus
876 438 1069 485 loquendi
1109 439 1217 485 quod
1258 438 1308 474 sit
1340 450 1500 486 semper
1539 438 1789 489 contingens7
1835 451 1917 474 non

596 497 779 533 absolute
839 497 974 544 quoad
1032 504 1204 544 tempus,
1263 498 1333 532 sed
1393 496 1729 534 condicionaliter
1781 497 1917 545 quoad

597 568 781 600 causam;
815 562 859 590 ut
892 566 1064 602 semper,
1098 554 1230 602 posita
1259 554 1486 591 diametrali
1519 554 1781 603 opposicione
1813 560 1951 592 terre5

595 613 698 649 inter
742 612 867 648 solem
921 621 957 648 et
1000 612 1154 659 lunam,
1202 613 1244 648 fit
1300 612 1459 661 eclipsis
1511 613 1616 650 lune.
1671 614 1916 661 Contingens

595 681 732 708 tamen
770 670 811 706 in
851 670 996 706 maiori
1035 679 1150 719 parte
1182 671 1320 708 vocavi
1354 670 1590 718 contingens
1622 681 1763 708 natum
1805 670 1916 707 cuius

596 738 653 766 est
692 742 814 766 causa
853 728 1034 765 effectiva
1074 730 1209 778 quoad
1248 730 1337 775 hoc,
1378 728 1636 777 impedibilis,
1677 728 1918 766 naturaliter

594 787 800 833 ordinata3
840 796 883 823 ut
916 795 1009 823 sunt
1042 787 1248 824 naturales
1289 787 1602 824 informaciones
1637 788 1915 824 membrorum

596 855 632 882 et
667 846 829 882 effectus
863 845 933 894 qui
967 854 1058 882 sunt
1091 845 1132 881 in
1165 858 1283 893 spera
1317 845 1643 894 corruptibilium
1678 847 1726 883 ab
1760 845 1916 882 intento
1938 862 1976 882 10

593 913 748 941 nature.
796 904 1044 952 Contingens
1086 904 1127 940 in
1166 904 1312 940 minori
1351 913 1464 952 parte
1497 903 1635 941 vocavi
1681 903 1917 952 contingens

593 972 731 999 natum
767 962 879 998 cuius
913 976 993 999 non
1027 971 1084 999 est
1117 976 1238 999 causa
1271 962 1452 999 effectiva
1486 963 1536 999 ad
1571 963 1647 999 hoc
1678 962 1918 999 naturaliter

594 1021 793 1067 ordinata,
827 1030 870 1057 ut
903 1030 994 1057 sunt
1027 1030 1193 1069 peccata
1226 1030 1368 1058 nature
1402 1030 1439 1058 et
1468 1021 1545 1058 alia
1570 1033 1648 1069 que
1671 1029 1762 1057 sunt
1784 1029 1917 1069 preter

593 1088 798 1116 naturam.

653 1139 701 1174 Et
725 1149 768 1173 ex
797 1136 884 1173 istis
907 1146 1046 1185 patent
1074 1137 1132 1173 3²¹.
1169 1137 1319 1184 Primo,
1354 1138 1463 1186 quod
1497 1137 1608 1174 omni
1642 1136 1974 1186 proposicioni15

595 1195 843 1244 contingenti
888 1195 929 1231 in
976 1195 1121 1232 minori
1167 1204 1281 1243 parte
1320 1205 1413 1233 nata
1459 1205 1516 1232 est
1552 1195 1783 1244 proposicio
1823 1208 1916 1232 con-

594 1254 753 1302 tingens
793 1254 832 1290 in
873 1253 1017 1291 maiori
1058 1254 1355 1301 contradicere;
1401 1256 1471 1291 sed
1503 1267 1585 1291 non
1617 1253 1915 1301 universaliter3

596 1322 632 1349 et
665 1325 685 1349 e
719 1325 925 1350 converso.
968 1312 1009 1349 Si
1043 1312 1150 1348 enim
1184 1312 1234 1349 sit
1268 1312 1504 1361 contingens
1536 1312 1577 1348 in
1611 1312 1759 1349 minori
1789 1320 1915 1360 parte7

594 1380 690 1407 tunc
714 1380 771 1407 est
796 1370 1033 1418 contingens
1057 1380 1211 1417 natum,
1246 1370 1477 1419 significans
1501 1371 1694 1419 primarie
1728 1370 1914 1407 effectum

595 1429 708 1466 cuius
747 1442 829 1466 non
868 1438 925 1465 est
964 1442 1084 1465 causa
1124 1429 1305 1466 effectiva
1344 1430 1584 1466 naturaliter
1622 1429 1830 1473 ordinata3
1880 1437 1917 1464 et
1933 1443 1974 1463 20

595 1500 665 1536 per
689 1500 939 1536 consequens
964 1487 1047 1523 eius
1078 1487 1311 1536 oppositum
1336 1489 1555 1524 formatum
1582 1487 1655 1524 erit
1679 1487 1915 1534 contingens

594 1555 748 1593 natum,
788 1546 1019 1594 significans
1053 1542 1057 1598 Ι
1092 1546 1285 1594 primarie
1325 1546 1511 1583 effectum
1552 1545 1664 1582 cuius
1698 1555 1756 1583 est
1796 1558 1917 1582 causa
1956 1548 2054 1581 330*-

595 1604 790 1651 effectiva,
815 1605 1055 1641 naturaliter
1070 1604 1277 1641 ordinata:
1293 1614 1438 1641 natura
1457 1604 1563 1641 enim
1580 1617 1738 1652 semper
1754 1603 1916 1640 ordinat

595 1676 715 1699 unam
755 1672 911 1711 partem
944 1663 1005 1700 vel
1038 1663 1205 1699 alteram
1241 1663 1510 1712 contingentis
1550 1662 1777 1700 communis
1818 1662 1914 1698 nati.

595 1723 646 1757 Ut
684 1721 772 1770 ista,
817 1722 931 1757 homo
971 1721 1144 1758 nascitur
1182 1734 1267 1757 cum
1306 1734 1379 1758 sex
1418 1722 1551 1773 digitis
1589 1722 1624 1757 in
1672 1734 1745 1757 una
1785 1724 1972 1763 manzc,25

596 1779 836 1816 contradicit
878 1780 987 1816 huic:
1034 1792 1143 1816 nemo
1182 1781 1237 1816 Sic
1274 1781 1462 1828 nascitur,
1508 1793 1585 1829 que
1619 1788 1676 1816 est
1708 1778 1914 1816 ordinaria

595 1837 849 1884 affirmativa,
904 1839 1089 1887 quamvis
1143 1838 1359 1875 casualiter
1406 1835 1410 1891 Ι
1458 1838 1688 1887 oppositum
1744 1837 1912 1874 eveniat.
1953 1842 2054 1881 A4o²

595 1896 705 1932 Sicut
734 1896 840 1932 enim
870 1905 1014 1933 natura
1044 1896 1203 1934 ordinat
1227 1898 1334 1945 quod
1364 1896 1495 1933 omnis
1529 1898 1652 1933 homo
1685 1895 1912 1933 nasciturus

594 1963 782 1991 nascetur
804 1964 960 1991 tantum
986 1968 1076 1991 cum
1105 1956 1122 1991 5
1151 1955 1284 2003 digitis
1313 1955 1353 1991 in
1383 1968 1463 1992 una
1497 1968 1630 2000 manu,
1665 1955 1720 1991 ita
1752 1954 1913 1991 ordinat

594 2013 832 2050 naturaliter
876 2026 1141 2062 consequen8‚
1195 2014 1346 2050 scilicet
1395 2015 1502 2063 quod
1554 2026 1674 2050 nemo
1726 2017 1974 2050 nascetur30

595 2084 685 2107 cum
731 2072 913 2120 pluribus
953 2086 1073 2121 quam
1118 2072 1135 2108 5
1173 2072 1306 2120 digitis
1345 2072 1385 2108 in
1425 2085 1505 2108 una
1545 2085 1686 2119 manu3
1732 2070 1914 2120 quamvis

595 2130 671 2166 hoc
694 2130 743 2166 sit
766 2131 912 2166 falsum
938 2140 976 2167 et
999 2144 1080 2167 non
1104 2130 1315 2179 impletum
1340 2132 1474 2179 quoad
1503 2130 1640 2167 omnia
1673 2129 1913 2178 singularia:

594 2189 703 2236 quod
757 2189 933 2225 creditur
967 2189 1052 2226 fieri
1104 2202 1178 2238 pro
1232 2198 1399 2238 peccato
1451 2189 1571 2237 primi
1619 2187 1807 2226 hominis.
1866 2189 1915 2223 Et

596 2248 737 2283 eodem
787 2249 921 2293 modo,
985 2257 1080 2284 nato
1134 2260 1238 2295 agno
1301 2256 1556 2284 monstruoso
1611 2260 1701 2284 curn
1756 2248 1914 2282 duobus

596 2305 807 2353 capitibus,
842 2315 910 2341 aut
944 2307 1100 2352 orbato,
1136 2306 1264 2342 solum
1299 2319 1388 2342 cum
1415 2307 1571 2343 duobus
1606 2305 1788 2354 pedibuS,
1823 2304 1913 2341 talis
1931 2306 1969 2339 35

303 2367 351 2393 the
377 2367 528 2394 intention
550 2364 841 2412 OtproposiciQ
882 2365 1010 2400 nullus
1042 2377 1169 2415 agnus
1200 2365 1254 2401 sic
1286 2365 1471 2411 nascitur,
1511 2373 1569 2400 est
1602 2363 1839 2412 contingens
1873 2362 1914 2398 in

386 2406 501 2428 nature.

597 2421 740 2458 minori
787 2431 914 2470 parte,
968 2422 1061 2471 quia
1106 2436 1186 2459 non
1232 2432 1290 2459 est
1333 2422 1573 2459 naturaliter
1614 2422 1845 2459 ordinatum
1892 2433 1914 2457 a

596 2479 726 2527 prima
760 2480 1019 2517 institucione
1052 2490 1196 2518 nature
1230 2483 1338 2529 quod
1371 2481 1426 2517 sic
1460 2481 1588 2518 fieret.

664 2692 684 2711 1.
707 2684 876 2720 impeditur
897 2684 931 2715 B:
958 2685 997 2711 ib.
1018 2689 1045 2711 et
1063 2692 1123 2719 pro
1145 2685 1274 2719 eclipses
1297 2684 1328 2710 Β.
1438 2692 1462 2710 2.
1492 2683 1674 2711 huiusmodi
1698 2692 1759 2719 pro
1787 2684 1858 2712 talia
1878 2684 1910 2711 Β.

594 2718 622 2745 Ο.
645 2720 674 2746 fit
697 2719 728 2746 Β.
837 2728 862 2755 7.
885 2724 986 2746 tamen
1007 2719 1092 2746 deest
1114 2720 1145 2746 Β.
1255 2720 1281 2746 8.
1304 2719 1510 2753 impossibilis
1532 2719 1564 2745 B.
1674 2728 1714 2746 10.
1737 2719 1774 2745 ab
1794 2719 1912 2746 intento

594 2753 680 2781 deest
707 2756 744 2781 A.
855 2763 888 2781 11.
920 2759 1020 2781 autem
1052 2754 1080 2781 in
1114 2755 1147 2780 Β.
1258 2761 1294 2780 12.
1323 2762 1383 2788 quo
1413 2754 1449 2780 ad
1478 2754 1510 2780 Β.
1621 2753 1660 2781 18.
1688 2759 1715 2781 et
1743 2754 1826 2781 deest
1846 2754 1910 2781 AB.

594 2796 640 2821 24..
673 2794 790 2823 partem
816 2797 878 2824 pro
908 2790 1034 2815 alteram
1068 2789 1099 2815 B.
1244 2789 1285 2816 25.
1315 2789 1361 2815 isti
1389 2790 1433 2822 A3
1468 2789 1523 2815 iste
1559 2788 1597 2822 133
1632 2789 1668 2815 ih.
1704 2794 1845 2816 nascetur
1878 2789 1910 2816 B.

593 2830 640 2850 ⁴20.
675 2828 817 2850 nascetur
847 2824 877 2849 Β.
988 2825 1033 2850 28.
1065 2824 1202 2850 nascitur
1231 2825 1268 2850 A.
1385 2824 1422 2851 31.
1455 2824 1558 2858 digitis
1589 2832 1680 2858 quam
1712 2824 1847 2859 quinque
1877 2823 1909 2850 B.

592 2858 638 2891 34.
661 2864 800 2886 monstro
820 2860 858 2885 A.
