2132 3319
299 175 372 222 178

344 296 394 323 the
417 295 513 322 world

351 335 464 357 cannot
486 330 520 356 be

315 365 366 392 the
388 365 458 391 base
478 365 513 391 of
532 372 547 391 a

360 399 499 434 triangle.

372 434 482 461 Actual

341 468 523 502 knowledge

323 504 348 530 is
369 504 464 531 either
483 503 533 529 ‘the

333 539 476 573 actuality
496 538 530 564 ot'

363 573 497 601 habitual

293 608 474 642 knowledge
488 615 523 634 or
540 608 574 634 ot

328 653 343 671 a
365 643 543 677 contingent

322 679 431 713 object,
452 677 548 704 either

312 714 350 749 by
371 713 420 740 the
442 720 557 745 semes,

349 756 384 775 or
405 748 442 782 by
463 746 513 773 the

340 781 518 818 perception

351 816 457 849 (called
480 816 518 851 by

336 853 530 880 Grosseteste

358 886 509 915 erratical

306 921 501 962 knowledge)
524 921 558 948 of

362 962 503 985 lntrlnsic

372 992 500 1028 quality.

329 1028 443 1063 Again,
464 1027 535 1054 both

347 1063 443 1090 actual
466 1062 523 1089 and

364 1097 500 1124 habitual

343 1132 528 1160 lmowledse

347 1175 397 1194 are
418 1166 514 1193 either

342 1202 465 1229 distinct
486 1210 521 1228 οι·

353 1236 520 1270 confused3

373 1272 501 1299 distinct

295 1316 327 1334 as
348 1312 379 1335 to
399 1307 478 1334 their
498 1307 563 1334 first

374 1341 490 1377 object;

306 1377 454 1405 confused
477 1385 509 1404 as
529 1380 560 1404 to

376 1413 490 1446 others,

339 1447 532 1482 sccondarily

295 1483 420 1517 itnplicd
443 1482 570 1509 tliercin.

326 1809 358 1837 In
379 1809 440 1837 this
462 1817 550 1836 sense

300 1844 502 1880 (consuscdly')
530 1853 576 1871 we

311 1888 381 1916 may
401 1880 493 1906 know
515 1880 562 1913 all,

334 1922 407 1941 even
428 1915 491 1941 that
512 1915 545 1941 ot'

355 1949 457 1976 which
479 1958 524 1976 we

383 1984 494 2017 doulon

312 2043 363 2069 but
384 2042 565 2077 knowledge

341 2077 367 2104 is
388 2077 542 2113 generally

317 2113 405 2139 taken
426 2117 456 2138 to
477 2120 565 2139 mean

376 2147 503 2174 distinct

345 2182 535 2216 knowledge.

327 2216 431 2244 Asked
453 2216 488 2243 ‘if
505 2217 554 2243 the

355 2252 435 2285 Pope
455 2251 481 2278 is
502 2252 531 2278 in

345 2286 472 2313 Rome?l
494 2295 538 2313 we

302 2329 425 2348 nnswer
448 2321 513 2348 that
534 2329 579 2347 we

320 2357 359 2383 do
380 2360 433 2383 not
453 2356 561 2389 know;

303 2392 321 2417 i.
334 2400 358 2418 ei
381 2399 413 2418 as
429 2399 579 2418 concerns

346 2426 395 2452 the
418 2430 539 2460 present

367 2465 515 2493 moment,

321 2495 379 2522 and
401 2495 422 2522 it
443 2495 468 2522 is
489 2496 560 2522 [lius

328 2531 391 2557 that
414 2530 563 2564 logicians

323 2566 397 2592 have
418 2565 557 2592 utlirmed

311 2600 375 2626 that
396 2608 441 2626 we
462 2601 501 2626 do
522 2604 575 2627 not

331 2636 420 2661 know
442 2635 505 2661 that
525 2635 560 2662 of

305 2670 405 2696 which
426 2678 468 2696 we
487 2670 581 2696 doubt

305 2712 340 2731 οι·
360 2712 409 2731 are
428 2704 581 2739 ignorant.

1023 178 1247 209 JOHANNIS
1274 177 1458 208 WYCLlF
1708 175 1796 203 CAl’.
1818 175 1898 202 xm.

584 285 752 321 actualis
785 283 1054 332 apprehensio
1087 283 1314 328 necessarii,
1350 284 1397 319 de
1426 296 1507 331 quo
1532 284 1700 319 habetur
1725 282 1898 328 habitus,

584 343 645 379 vel
690 351 747 379 est
785 342 952 378 actualis
991 340 1259 389 apprehensio
1299 340 1582 388 contingentis,
1629 342 1677 376 de
1716 353 1796 388 quo
1828 353 1900 377 nec

586 401 754 437 habetur
787 412 859 436 nec
893 399 1031 436 haberi
1063 407 1193 446 potest
1226 398 1404 434 habitus:
1438 407 1481 434 ut
1517 398 1691 434 sciencia
1716 410 1793 446 qua
1817 397 1900 434 scio

585 467 623 494 te
667 459 816 494 sedere.
871 459 919 493 Et
964 458 1040 493 hoc
1085 455 1283 504 contingit
1327 455 1552 503 dupliciter,
1597 456 1659 492 vel
1703 457 1811 504 quod
1855 455 1904 491 sit

586 515 759 552 sciencia
792 515 960 552 actualis
989 514 1190 560 sensualis,
1226 526 1302 562 que
1324 522 1490 550 vocatur
1512 513 1663 550 noticia
1691 513 1900 559 sensitiva3
1919 518 1935 550 5

585 583 628 610 ut
660 573 742 610 scio
776 574 884 621 quod
918 572 993 609 ista
1025 572 1168 608 albedo
1202 580 1259 608 est
1286 572 1346 608 vel
1389 571 1551 620 aliquod
1596 572 1704 620 quod
1748 571 1901 619 sencio,

585 632 645 668 vel
673 630 846 668 sciencia
880 630 1048 667 actualis
1082 629 1253 666 erratica
1287 629 1456 665 alicuius
1488 629 1646 665 virtutis
1679 628 1903 675 interiori53

587 698 623 726 et
663 690 734 725 hec
768 688 964 737 contingit
998 700 1080 725 esse
1114 688 1160 724 de
1187 694 1381 736 presente,
1420 696 1461 723 ut
1493 687 1576 723 scio
1609 689 1768 724 Sortem
1802 686 1901 724 ami-

586 760 677 784 cum
701 760 785 784 esse
809 759 957 793 meum,
993 755 1029 783 et
1060 747 1150 793 [me]
1182 745 1358 781 amicum
1393 744 1475 781 eius
1510 757 1611 790 esse3
1645 746 1707 781 vel
1728 746 1905 790 absente,-

586 814 628 841 ut
673 805 755 841 scio
796 807 965 841 Romam
1008 816 1091 840 esse
1130 804 1313 851 pulcram
1355 802 1571 848 civitatem,
1619 812 1656 839 et
1694 803 1962 839 hominemm

587 875 670 900 esse
715 863 755 899 in
793 863 951 911 Anglia.
998 864 1046 898 Et
1091 863 1138 898 de
1184 861 1252 898 tali
1299 860 1442 908 scibili,
1490 870 1532 897 ut
1570 860 1727 897 videtur
1767 860 1904 908 michi,

586 930 718 970 potest
751 933 834 958 esse
867 922 1040 970 quedam
1076 919 1292 968 disposicio
1327 932 1447 968 quam
1484 918 1758 956 Linconiensis
1790 928 1905 956 vocat

587 979 801 1016 scienciam
844 978 1057 1015 erraticam
1090 978 1151 1014 vel
1184 977 1400 1014 scienciam
1436 976 1706 1014 communiter
1739 976 1902 1015 dictam.

649 1037 821 1074 Ulterius
845 1037 1051 1073 sciendum
1086 1037 1208 1084 [quod
1241 1037 1337 1082 tam]
1374 1035 1547 1072 sciencia
1581 1035 1751 1072 actualis
1782 1048 1903 1084 quan]

587 1095 762 1132 sciencia
807 1095 1023 1131 habitualis
1069 1093 1354 1139 subdividitur,
1402 1106 1492 1130 cum
1539 1093 1675 1141 aliqua
1720 1093 1810 1129 talis
1855 1093 1961 1129 sit15

588 1155 766 1190 distincta
813 1162 849 1190 et
894 1153 972 1190 alia
1017 1154 1198 1201 confusa,·
1250 1152 1428 1188 distincta
1473 1160 1659 1199 respectu
1704 1151 1809 1188 illius
1855 1153 1904 1188 ad

587 1214 697 1260 quod
755 1211 1036 1260 principaliter
1087 1210 1343 1256 terminatur,
1398 1219 1434 1246 et
1487 1210 1664 1258 confusa,
1719 1219 1906 1258 respectu

587 1270 694 1307 illius
734 1271 784 1306 ad
818 1271 927 1318 quod
960 1268 1197 1306 secundarie
1230 1268 1482 1305 terminatur.
1528 1267 1648 1304 Verbi
1683 1267 1831 1316 gracia,
1866 1268 1906 1304 in

587 1328 751 1365 sciendo
797 1340 959 1365 omnem
1006 1327 1211 1364 hominem
1252 1326 1293 1363 in
1332 1326 1508 1363 sciencia
1547 1325 1778 1373 universali,
1824 1326 1906 1362 scio

587 1387 707 1423 istum
749 1386 955 1423 hominem
996 1398 1093 1432 esse,
1139 1385 1225 1434 ipso
1268 1384 1478 1432 existente,
1523 1387 1591 1420 sed
1625 1384 1701 1421 ista
1734 1384 1907 1421 sciencia
1924 1397 1966 1418 20

587 1445 828 1481 terminatur
851 1444 1129 1492 principaliter
1154 1445 1203 1480 ad
1229 1452 1415 1480 naturam
1450 1455 1722 1488 communem,
1747 1441 1907 1479 racione

588 1503 700 1540 cuius
746 1512 804 1539 est
853 1502 1027 1539 sciencia
1071 1501 1328 1548 universalis;
1383 1510 1419 1538 et
1463 1509 1650 1549 respectu
1699 1500 1805 1537 illius
1850 1509 1907 1537 est

588 1561 764 1598 sciencia
797 1561 1001 1607 distincta,
1036 1573 1127 1596 cum
1151 1573 1222 1608 per
1246 1560 1355 1596 illam
1382 1559 1570 1595 distincte
1594 1558 1720 1595 scitur
1743 1571 1906 1595 omnem

588 1619 793 1656 hominem
843 1632 940 1665 esse,
990 1619 1058 1655 sed
1105 1619 1287 1665 confuse3
1332 1618 1393 1655 vel
1438 1617 1478 1653 in
1521 1616 1739 1654 universali
1785 1617 1909 1653 scitur

588 1679 708 1715 istun]
745 1677 951 1714 hominem
987 1689 1083 1723 esse,
1129 1676 1224 1725 quia
1256 1676 1332 1713 ista
1365 1675 1553 1723 sciencia,
1601 1684 1785 1724 respectu
1819 1674 1908 1711 talis
1925 1678 1965 1710 25

590 1736 815 1785 singularis,
862 1745 922 1772 est
962 1735 1127 1772 confusa
1167 1744 1204 1771 et
1237 1747 1307 1783 per
1347 1734 1456 1771 aliud
1496 1733 1732 1771 secundarie
1773 1732 1908 1769 termi-

590 1805 723 1831 natur.
758 1796 806 1830 Et
839 1793 947 1831 iuxta
980 1795 1100 1830 istum
1134 1806 1295 1829 sensum
1331 1793 1567 1829 conceditur
1599 1794 1707 1841 quod
1742 1791 1910 1840 quilibet

591 1855 716 1890 homo
740 1852 813 1889 scit
841 1852 978 1889 omnia
1003 1852 1078 1888 ista
1102 1851 1276 1888 sciencia
1301 1852 1609 1888 transcendente
1633 1850 1784 1896 omnia,
1808 1850 1911 1886 sicut

593 1921 628 1948 et
668 1924 738 1959 per
778 1923 1027 1959 consequens
1067 1910 1142 1946 scit
1180 1909 1255 1946 sibi
1296 1909 1477 1955 dubium,
1528 1918 1564 1945 et
1604 1908 1679 1945 sibi
1712 1908 1753 1944 in
1786 1907 1909 1956 parti-

592 1969 717 2006 culari
741 1969 936 2017 ignotum.
962 1971 1010 2005 Et
1026 1968 1094 2015 sic,
1119 1967 1312 2017 quicquid
1336 1969 1459 2004 homo
1483 1966 1639 2013 adiscit,
1664 1966 1774 2015 prius
1797 1965 1911 2003 scivit
1928 1972 1970 2005 30

593 2028 775 2074 confuse3
810 2036 847 2064 et
871 2027 926 2064 sic
949 2026 1079 2063 omnis
1104 2027 1233 2063 malus
1262 2026 1473 2062 actualiter
1495 2025 1685 2074 ignorans
1709 2024 1910 2061 distincte.

593 2088 670 2123 Sed
704 2085 975 2123 communiter
1007 2084 1262 2133 restringitur
1293 2085 1394 2120 scire
1428 2085 1477 2121 ad
1512 2083 1698 2120 distincte
1720 2083 1834 2128 scire,
1869 2091 1912 2118 ut

594 2146 757 2193 quando
797 2143 979 2193 queritur
1018 2145 1066 2180 ab
1106 2143 1244 2191 aliquo
1285 2150 1413 2178 utrum
1448 2155 1554 2192 papa
1595 2149 1649 2178 est
1680 2142 1832 2177 Rome?
1876 2149 1914 2177 et

594 2203 678 2251 ipse
713 2202 881 2249 dubitat,
922 2201 1018 2238 dicit
1054 2202 1162 2250 quod
1195 2201 1340 2237 nescit:
1375 2202 1484 2249 quod
1516 2200 1822 2248 intelligendum
1857 2207 1915 2235 est

595 2274 684 2298 cum
726 2260 1037 2297 modificacione
1073 2261 1182 2308 quod
1214 2259 1342 2296 nescit
1374 2260 1435 2296 vel
1468 2258 1629 2307 ignorat
1662 2258 1703 2294 in
1738 2257 1913 2306 particu-
1932 2260 1970 2293 33

596 2320 681 2357 lari.
732 2321 779 2355 Et
819 2319 932 2356 illurn
972 2330 1134 2354 sensum
1176 2319 1403 2354 habuerunt
1442 2317 1497 2353 illi
1538 2316 1683 2353 famosi
1722 2315 1843 2364 logici
1878 2324 1914 2352 et

595 2377 759 2413 subtiles
793 2377 861 2425 qui
895 2376 1144 2425 scripserunt
1177 2377 1299 2425 quod,
1339 2375 1420 2412 sive
1451 2376 1552 2411 scire
1584 2374 1747 2423 proprie
1781 2374 1914 2422 singu-

596 2435 745 2481 lariter,
781 2435 862 2472 sive
896 2435 1180 2481 communiter,
1222 2433 1347 2470 nichil
1380 2433 1504 2470 scitur
1537 2434 1585 2469 ab
1620 2432 1771 2481 aliquo,
1806 2433 1914 2481 quod

597 2493 726 2530 eidem
781 2502 838 2530 est
892 2493 1073 2530 dubium.
1128 2495 1176 2529 Et
1222 2505 1311 2528 cum
1358 2505 1481 2528 unum
1529 2491 1811 2539 oppositorum
1858 2499 1916 2526 tot

598 2552 727 2588 modis
761 2551 907 2588 dicitur
940 2560 1037 2600 quot
1071 2560 1107 2587 et
1142 2550 1301 2599 reliqui,
1348 2559 1458 2598 patet
1494 2551 1602 2598 quod
1650 2549 1840 2600 ignorare
1879 2556 1974 2592 et40

597 2611 742 2647 nescire
775 2619 833 2647 tot
866 2609 995 2646 modis
1028 2608 1437 2658 correspondentibus
1471 2616 1638 2656 possunt
1670 2607 1787 2643 sumi.

668 2744 696 2771 6.
719 2732 755 2771 aid
774 2752 834 2779 pro
856 2744 980 2779 aliquod
1003 2745 1041 2772 A.
1140 2743 1167 2771 9.
1188 2752 1255 2771 esse
1276 2743 1410 2770 amicum
1432 2751 1498 2770 csse
1519 2743 1558 2769 A.
1656 2750 1684 2776 9.
1708 2750 1756 2769 me
1777 2743 1861 2769 deest
1878 2743 1916 2769 A.

600 2788 631 2806 ιι.
655 2780 747 2806 scibili
763 2781 801 2806 Α.
877 2788 917 2812 η.
939 2780 1021 2814 quod
1044 2784 1104 2806 tam
1127 2779 1211 2806 deest
1231 2780 1269 2806 A.
1343 2778 1379 2805 26
1414 2786 1466 2813 per
1487 2777 1571 2804 deest
1590 2777 1629 2803 A.
1702 2777 1750 2804 28.
1772 2781 1842 2803 sunt
1857 2784 1918 2811 pro

599 2815 675 2841 sicut
686 2815 721 2841 A.
790 2813 829 2841 31.
843 2815 942 2841 malus
955 2830 987 2833 —
1000 2814 1141 2841 distincte
1152 2815 1241 2841 sscA.
1311 2812 1353 2847 37,
1369 2812 1410 2840 3⁸.
1429 2812 1501 2839 su'us
1515 2814 1553 2840 A.
1628 2820 1677 2845 κιο.
1693 2817 1766 2846 quot
1782 2816 1808 2838 et
1822 2816 1865 2838 tot
1879 2813 1917 2838 A.
