2132 3319
261 220 351 248 CAP.
374 221 454 248 VIII.
832 222 1019 253 LOGICA.

261 340 298 367 et
332 329 565 376 contingens
599 330 633 364 in
669 329 808 363 maiori
838 337 874 364 et
903 327 1136 375 contingens
1171 328 1210 362 in
1235 328 1384 362 minori.
1412 326 1577 363 Contin-

261 401 354 436 gens
379 400 536 435 semper
560 396 617 423 est
641 386 874 433 contingens
899 394 1037 422 natum
1062 385 1168 421 6111113
1191 392 1246 421 est
1265 397 1381 420 causa
1405 385 1577 433 effectiva

1816 221 1865 258 27

1651 335 1700 362 the
1721 335 1808 361 latter

1624 369 1746 396 dix-idea
1770 369 1834 396 into

1611 404 1691 431 what
1713 405 1852 438 happens

261 446 386 495 quoad
418 446 501 492 lzoc,
534 458 606 481 non
640 444 883 494 impedihilis,
916 444 1149 479 naturaliter
1176 443 1377 488 ordz‘nczta;
1412 451 1453 478 ut
1486 452 1578 478 sunt
1591 439 1718 473 always,
1740 439 1859 474 monly,

1639 482 1656 500 o
1663 482 1674 500 1·
1693 475 1807 501 36ίᾶ(1111
1815 483 1826 506 ;

262 503 440 551 eclipses,
476 512 512 539 et
547 502 870 548 coniuncciones,
905 510 941 538 et
966 510 1089 539 ortus.
1126 503 1194 536 Est
1220 502 1362 537 modus
1386 501 1577 549 loquendi
1592 509 1759 542 according
1779 517 1812 535 as
1833 516 1869 534 an

228 563 244 595 5
262 562 370 610 quod
394 561 443 597 sit
471 573 628 609 semper
653 560 899 608 contingens,
925 572 1006 596 non
1039 560 1221 596 absolute
1245 560 1379 607 quoad
1403 568 1576 606 ternpus,

262 620 330 655 sed
355 618 699 663 condicionaliter,
725 620 858 666 quoad
883 631 1066 663 causam,
1101 617 1195 665 quia
1227 629 1393 666 semper,
1428 619 1579 665 absque

262 676 511 721 substancia;
559 679 627 723 [ut]
669 677 699 712 si
743 676 861 712 fuerit
894 675 1142 712 diametralis
1182 674 1441 723 interposicio
1473 684 1579 711 terre

263 735 364 771 inter
392 735 517 771 solem
553 743 589 771 et
612 736 763 780 lunam,
798 744 986 770 causatur
1019 733 1177 782 eclipsis
1200 733 1305 770 lune.
1342 735 1390 768 Et
1413 745 1579 782 semper,

263 794 425 841 quando
458 793 551 829 luna
586 792 826 840 subponitur
857 793 918 828 vel
950 791 1238 840 superponitur
1269 790 1357 837 soli,
1392 790 1447 827 sic
1471 792 1580 839 quod

210 863 248 884 10
264 852 322 888 sol
354 863 435 887 non
469 850 599 887 mittat
642 863 734 887 suos
783 850 916 887 radios
949 862 1085 887 versus
1132 849 1242 885 illam
1292 858 1445 897 partem
1488 849 1581 885 lune

264 922 340 958 que
373 909 533 957 respicit
566 921 700 945 versus
732 917 896 954 terram,
943 917 1037 944 tunc
1084 916 1273 944 causatur
1318 906 1577 943 coniunccio:

265 977 339 1004 etc.
380 967 626 1015 Contingens
665 966 705 1002 in
740 966 882 1003 maiori
916 975 1028 1014 parte
1074 975 1131 1002 est
1164 965 1399 1013 contingens
1440 973 1581 1001 natum

264 1026 371 1062 cuins
403 1033 457 1062 est
489 1037 604 1061 cansa
637 1025 808 1073 effectiva
841 1025 968 1073 quoad
999 1025 1070 1060 lzoc
1102 1024 1317 1073 inpedibilis
1349 1024 1583 1059 naturaliter

266 1084 470 1128 ordinata5
511 1092 554 1119 ut
596 1091 741 1119 natura
786 1082 985 1119 ordinavit
1030 1084 1137 1131 quod
1182 1083 1303 1118 homo
1349 1090 1583 1118 nasceretur

214 1142 249 1174 15
267 1141 418 1190 precise
465 1154 552 1178 cum
600 1141 778 1189 quinque
812 1140 946 1189 digitis
991 1140 1032 1176 in
1077 1153 1156 1176 una
1197 1153 1337 1176 manu:
1385 1148 1422 1176 et
1455 1139 1584 1176 sicin

269 1200 419 1236 maiore
452 1208 565 1248 parte
599 1199 809 1247 contingit,
844 1200 912 1235 sed
944 1212 1025 1235 non
1060 1198 1255 1246 contingit
1287 1211 1454 1247 semper,
1489 1197 1582 1246 quia

268 1258 485 1306 aliquando
518 1267 754 1306 procreatur
788 1265 1013 1294 monstrum
1044 1269 1136 1293 cum
1170 1269 1234 1293 sex
1269 1255 1403 1304 digitis
1436 1256 1476 1292 in
1504 1269 1583 1292 una

269 1329 404 1362 manu,
439 1325 475 1352 et
509 1329 635 1364 agnus
669 1328 758 1352 cum
781 1317 936 1352 duobus
961 1315 1172 1363 capitibus.
1198 1317 1246 1350 Et
1270 1315 1347 1351 hoc
1371 1322 1428 1350 est
1451 1323 1584 1362 preter

269 1374 531 1423 principalem
565 1373 763 1409 intentum
809 1382 971 1419 nature,
1027 1382 1063 1409 et
1096 1373 1187 1409 ideo
1219 1381 1387 1409 vocatur
1432 1372 1586 1409 contin—

212 1444 252 1465 20
268 1446 362 1481 gens
395 1432 435 1468 in
469 1432 627 1474 minori,
662 1432 747 1481 qnia
781 1432 816 1467 in
850 1432 992 1467 minori
1008 1439 1125 1481 parte
1156 1431 1210 1467 sic
1239 1431 1448 1481 contingit5
1471 1438 1508 1467 et
1531 1430 1586 1467 sic

269 1502 389 1527 omne
413 1492 521 1539 quod
544 1490 794 1538 producitur,
821 1489 931 1526 cuius
955 1502 1035 1526 non
1069 1498 1126 1525 est
1151 1489 1286 1538 aliqua
1319 1501 1439 1525 causa
1472 1488 1586 1525 effec-

269 1549 349 1585 tiva
383 1557 420 1584 et
452 1548 692 1585 naturaliter
736 1547 922 1584 ordinata
956 1549 1005 1584 ad
1053 1548 1139 1593 hoc,
1186 1556 1244 1583 est
1277 1547 1512 1594 contingens
1546 1546 1585 1582 in

271 1606 436 1643 minori:
471 1615 513 1642 ut
547 1615 636 1643 sunt
670 1615 848 1654 peccata,
884 1615 920 1642 et
955 1614 1134 1642 monstra
1167 1605 1207 1641 in
1240 1615 1396 1642 natura.

330 1664 503 1701 Ulterius
543 1666 767 1701 notandum
807 1666 915 1712 quod
961 1663 1281 1712 quadrupliciter
1325 1663 1471 1699 dicitur
1515 1664 1586 1699 im-

214 1723 471 1773 25possil7ile5
522 1722 673 1759 scilicet
726 1722 976 1770 impossibile
1033 1722 1272 1771 simpliciter,
1335 1721 1585 1770 impossibile

196 1794 232 1827 (312
272 1782 405 1830 quoad
450 1790 635 1818 naturam
685 1791 876 1827 creatam,
918 1777 922 1832 Ι
964 1780 1212 1829 impossibile
1262 1781 1389 1829 quoad
1435 1792 1503 1816 1103
1548 1789 1585 1816 et

272 1839 519 1887 impossibile
571 1840 697 1888 quoad
737 1839 1015 1888 presciencimn
1060 1839 1145 1875 Dei.
1191 1837 1443 1886 Impossibile
1492 1838 1585 1874 sim-

273 1897 428 1945 pliciter
462 1906 518 1933 est
551 1898 641 1943 tale,
676 1898 777 1946 qnod
810 1909 876 1933 1166
904 1905 1032 1946 potest
1077 1910 1144 1933 nec
1173 1897 1299 1945 potnit
1333 1909 1399 1932 nec
1439 1897 1585 1946 poterit

272 1969 352 1992 6336
384 1968 539 2001 verum,-
582 1964 625 1991 ut
659 1956 730 1992 hee
763 1955 1013 2003 proposieio:
1055 1955 1202 1991 ‘nullus
1237 1957 1342 1991 Deus
1376 1957 1463 1991 est'.
1510 1956 1584 1990 Im-

216 2018 256 2049 50
273 2013 460 2062 possibile
492 2015 627 2062 quoad
651 2022 837 2050 naturam
862 2023 920 2049 est
943 2014 1034 2059 tale,
1069 2015 1171 2062 qnod
1205 2014 1252 2049 de
1286 2020 1427 2048 natura
1452 2020 1583 2049 creata

273 2085 345 2108 non
364 2079 492 2121 potest
525 2084 605 2108 6336
633 2084 780 2118 verum,
807 2072 1001 2120 primarie
1031 2072 1300 2122 significando,
1334 2079 1376 2106 ut
1414 2080 1471 2107 est
1494 2071 1584 2107 talis

273 2130 502 2178 proposicio
536 2131 608 2167 ‘sol
642 2143 720 2166 non
760 2132 977 2176 movetur³;
1024 2132 1158 2166 enemo
1193 2138 1250 2165 est
1283 2128 1463 2167 animal³.
1511 2131 1586 2165 lm-

273 2188 463 2236 possibile
496 2189 629 2236 quoad
663 2201 734 2224 nos
768 2197 825 2224 est
857 2189 949 2229 tale,
984 2189 1085 2237 qnod
1129 2200 1201 2224 non
1242 2195 1371 2237 potest
1415 2200 1495 2224 6336
1541 2188 1587 2224 de

268 2247 444 2296 potencia
490 2254 644 2286 nostra:
687 2255 730 2282 ut
775 2255 832 2283 est
877 2246 985 2282 talis:
1032 2259 1178 2282 avarus
1222 2258 1294 2282 non
1340 2246 1512 2282 introibit
1550 2246 1585 2282 in

217 2306 256 2339 35
274 2317 437 2355 regnum
473 2306 665 2345 celei-inm
708 2304 801 2352 quia
836 2304 1085 2352 impossibile
1132 2313 1189 2341 est
1222 2305 1354 2352 quoad
1391 2317 1462 2340 nos
1496 2317 1586 2340 ava-

274 2376 361 2398 rum
395 2362 561 2399 introire
595 2363 634 2398 in
668 2375 835 2411 regnum
870 2364 1061 2408 celorum,
1097 2364 1164 2399 sed
1198 2375 1278 2398 non
1313 2371 1369 2398 est
1402 2362 1587 2410 impossi-

274 2421 350 2457 bile
395 2422 528 2469 quoad
562 2423 703 2457 Deum.
751 2423 797 2456 Et
830 2421 906 2457 isto
953 2422 1074 2457 modo
1121 2422 1237 2457 debet
1277 2420 1464 2468 intelligi:
1507 2421 1589 2464 Qne

274 2479 523 2528 impossibilia
556 2487 644 2514 sunt
667 2486 758 2528 aput
782 2480 952 2515 homines
970 2479 1170 2528 possibilia
1203 2486 1291 2514 ¹§unt
1325 2486 1417 2528 aput
1442 2479 1590 2519 Deum,-

275 2545 311 2572 et
344 2536 399 2573 sie
432 2536 537 2572 idem
584 2546 641 2572 est
675 2537 863 2584 possibile
909 2546 945 2573 et
979 2536 1243 2584 impossibile.
1289 2538 1337 2572 Et
1382 2538 1432 2573 ad
1466 2536 1587 2572 istum

213 2607 257 2637 40
274 2607 433 2630 sensum
469 2594 564 2631 dicit
597 2596 821 2642 apostolus:
870 2596 1109 2644 Impossibile
1156 2603 1211 2631 est
1256 2595 1354 2630 enim
1403 2607 1479 2639 eos,
1524 2595 1590 2643 qni

272 2653 391 2688 semel
422 2653 630 2688 illuminati
660 2661 747 2689 311111
779 2661 814 2688 et
846 2661 1105 2703 gustaverunt
1139 2654 1278 2688 donum
1313 2652 1462 2697 celeste,
1490 2665 1586 2701 par-

273 2711 405 2759 ticipes
427 2711 534 2759 sacti
563 2718 650 2747 sunt
681 2711 840 2760 spiritns
873 2712 1007 2755 sancti,
1048 2718 1308 2761 gustaverunt
1340 2711 1587 2746 nihilominus

343 2865 366 2890 7.
391 2856 470 2890 sb'213
492 2856 528 2882 ib.
554 2861 582 2882 111
604 2855 694 2883 deest.
771 2864 808 2883 12.
831 2857 891 2882 affl.
967 2864 1010 2891 27.
1033 2855 1132 2891 quoad
1155 2856 1256 2883 isium.

1636 548 1724 570 event
1745 544 1830 570 takes

1634 579 1718 613 place
1739 578 1768 605 111
1791 578 1826 604 all

1605 621 1690 640 cases
1714 613 1799 639 when
1821 612 1859 639 its

1594 656 1683 675 cause
1699 648 1724 674 is
1740 647 1870 683 positcd.

1642 980 1676 999 or
1697 972 1725 999 in
1748 975 1830 998 most

1689 1015 1785 1041 cases,

1675 1328 1709 1346 oi·
1731 1320 1802 1354 only

1623 1355 1859 1390 exceplimmlly.

1607 1673 1690 1701 Four
1712 1672 1872 1706 meanings

1620 1709 1654 1735 ot*
1671 1708 1864 1743 impossible:

1625 1751 1645 1770 1.
1667 1744 1838 1777 absolutely
1849 1753 1857 1769 .-

1619 1779 1683 1805 that
1704 1778 1805 1805 which
1827 1783 1855 1804 at

1607 1821 1645 1840 no
1666 1813 1739 1840 time
1760 1821 1815 1839 can
1838 1813 1872 1839 be

1699 1853 1781 1879 true;

1630 1890 1655 1910 2.
1677 1883 1835 1917 naturally
1845 1893 1853 1909 .-

1621 1918 1685 1945 that
1707 1917 1808 1945 which
1831 1918 1855 1944 is

1646 1958 1697 1980 not
1719 1958 1784 1980 true
1805 1952 1839 1979 of

1606 1988 1726 2015 created
1749 1992 1874 2019 nature:

1619 2022 1643 2050 3.
1665 2023 1772 2058 quoad
1791 2030 1866 2049 1103.-

1628 2059 1691 2085 that
1712 2058 1812 2084 which
1835 2058 1859 2084 is

1616 2093 1799 2128 impossible
1822 2093 1869 2120 for

1699 2136 1786 2161 mam
