2132 3319
245 797 269 825 5.
298 797 466 830 Volzcnlary
489 803 524 821 or

275 830 477 859 constrainetz'

282 1157 442 1192 Meanings
463 1156 497 1183 of

279 1191 495 1225 ‘contingenst

262 1236 281 1255 1.
303 1229 331 1254 A
354 1227 455 1253 moda]
477 1234 512 1252 or

275 1271 291 1289 a
309 1262 497 1289 suhslantive

270 1305 373 1329 seuse;
395 1296 497 1323 mod-al

259 1333 283 1360 it·
303 1332 324 1359 it
346 1332 452 1358 stands
473 1334 520 1358 tor

314 1367 364 1393 the
385 1366 457 1393 verb

306 1401 467 1436 ‘liappeu⁷;

268 1436 327 1464 and
349 1437 419 1463 then
442 1443 466 1461 2.
489 1435 510 1462 it

260 1472 356 1499 either
376 1471 512 1498 includes

286 1515 320 1534 or
340 1507 414 1533 does
435 1509 488 1532 nol

295 1541 417 1569 include
438 1541 487 1568 the

274 1576 450 1615 possibility
471 1576 505 1603 of

280 1616 318 1639 lts
339 1616 494 1647 contrary,

311 2078 341 2106 in
364 2078 465 2105 which

259 2117 347 2143 latter
367 2122 435 2141 case
456 2114 474 2140 it
498 2112 523 2139 is

265 2151 472 2178 subalternate
494 2152 524 2174 to

270 2184 432 2219 necessity,
454 2182 512 2209 and

254 2228 359 2248 means
380 2219 429 2246 the
448 2226 531 2244 same

294 2263 326 2283 as
342 2254 484 2290 possible.

276 2362 304 2388 A
323 2359 508 2388 substantive

290 2405 389 2427 sense,
412 2395 501 2421 when

300 2432 389 2459 taken
411 2438 443 2457 as
464 2437 480 2455 a

344 2474 445 2497 noun;

296 2501 320 2529 3.
343 2502 364 2528 it
379 2501 451 2527 then
472 2499 498 2526 is

307 2536 483 2570 contingent

302 2572 397 2599 either
417 2578 449 2596 as
470 2577 485 2595 a

254 2615 335 2634 mere
344 2604 535 2640 happem‘ng:y

273 2650 308 2669 or
328 2642 365 2677 by
385 2644 515 2668 nature:

970 218 1194 248 JOllANNlS
1223 218 1406 249 WYCLIF'
1661 214 1750 243 CAP·
1771 216 1852 243 VIII-

538 326 626 361 dala
661 337 733 360 non
767 324 938 360 evenire:
972 337 1066 372 ergo
1099 335 1249 360 necesse
1282 332 1336 360 est
1376 332 1413 360 ut
1446 325 1632 361 scandala
1666 324 1851 362 eveniant.

540 386 648 428 Item,
696 382 832 431 aliqua
877 391 934 417 est
976 381 1191 418 necessitas
1237 383 1449 427 naturalz's;
1498 391 1541 418 ut
1585 382 1617 418 si
1658 381 1760 430 ignis
1805 382 1855 418 sit

537 441 763 489 applicatus
797 441 848 476 ad
881 439 1046 488 aliquod
1081 440 1361 476 combustibile
1403 440 1706 485 subdominans,
1760 448 1855 476 tunc

537 499 767 535 necessario
800 497 942 545 incipit
975 510 1092 546 agere
1125 498 1186 534 vel
1227 498 1307 546 agit
1347 498 1388 534 in
1428 498 1550 535 idem.
1609 497 1759 546 Aliqua
1797 506 1855 534 est

538 556 754 594 necessitas
787 556 1046 592 antecedentis
1080 565 1117 592 et
1151 555 1286 604 aliqua
1320 556 1537 593 necessitas
1570 557 1854 604 consequentis;
1874 558 1890 590 5

538 614 755 652 necessitas
778 614 1052 651 antecedentis
1077 615 1258 662 exemplo
1282 614 1491 662 proposito
1517 623 1575 651 est
1597 614 1708 650 accio
1732 613 1855 662 igni53

540 682 576 710 et
610 672 746 721 aliqua
779 681 836 708 est
869 672 1085 709 necessitas
1134 672 1332 708 volicionis
1377 681 1413 708 et
1458 672 1595 721 aliqua
1639 672 1857 708 necessitas

539 731 763 768 coaccionis.
812 730 1038 767 Necessitas
1083 730 1296 768 volicionis
1343 739 1413 775 est,
1459 739 1522 766 ut:
1571 730 1602 766 si
1636 732 1743 766 Deus
1775 730 1859 766 vult

540 792 702 826 Petrum
750 801 849 835 esse,
896 797 992 825 tunc
1037 788 1264 825 necessarie
1311 790 1451 825 Petrus
1506 796 1576 825 est.
1631 788 1859 825 Necessitas

540 847 767 884 coaccionis
802 856 872 893 est,
907 847 1008 883 sicut
1042 848 1205 895 quando
1254 846 1398 895 aliquis
1433 848 1554 883 homo
1601 846 1708 894 cogit
1741 860 1859 883 suum
1880 860 1919 881 10

539 905 755 954 captivum,
802 906 863 941 vel
901 918 1071 955 servum,
1119 906 1169 941 ad
1214 904 1441 941 faciendum
1488 904 1656 953 aliquid,
1708 905 1769 941 vel
1811 906 1861 941 ad

542 964 851 1012 relinquendum
888 972 961 1001 etc.
996 962 1222 999 Necessitas
1256 963 1484 1000 coaccionis
1517 962 1665 999 accidit
1698 964 1861 1011 quando

539 1022 723 1058 homines
758 1031 956 1070 coguntur
989 1021 1159 1057 transire
1193 1022 1243 1057 ad
1276 1021 1581 1070 suspensionem
1615 1021 1676 1057 vel
1709 1020 1862 1069 aliquid

539 1080 701 1127 odibile,
737 1090 877 1116 contra
910 1081 1172 1116 voluntatem.

596 1140 674 1175 Sed
709 1146 804 1174 nota
838 1139 946 1186 quod
981 1137 1116 1174 multis
1162 1137 1291 1174 modis
1325 1136 1473 1173 dicitur
1506 1137 1744 1187 contingens.
1784 1135 1921 1172 Ali-15

538 1198 702 1245 quando
735 1196 807 1233 iste
840 1196 1049 1242 terminus,
1084 1195 1363 1244 ‘contingens‘‚
1398 1195 1556 1243 capitur
1588 1194 1796 1231 modaliter
1828 1203 1865 1230 et

540 1255 759 1303 aliquando
804 1255 1064 1291 nominaliter.
1110 1254 1326 1290 Modaliter
1371 1253 1541 1301 capitur,
1588 1253 1750 1301 quando
1795 1265 1866 1301 per

543 1313 649 1349 viam
685 1312 1066 1349 circumlocucionis
1099 1312 1241 1361 implet
1274 1311 1401 1348 vicem
1435 1311 1550 1347 istius
1573 1310 1681 1348 verbi
1715 1310 1864 1359 imper-

544 1371 691 1407 sonalis
725 1371 925 1422 contingit,
972 1379 1014 1407 ut
1048 1370 1129 1407 hic:
1169 1370 1407 1421 Contingens
1450 1377 1505 1406 est
1550 1369 1739 1405 hominem
1773 1381 1865 1412 esse,

543 1438 701 1466 tantum
741 1430 845 1466 valet
888 1429 990 1465 sicut
1033 1428 1128 1465 ista:
1168 1429 1367 1479 Contingit
1412 1427 1601 1464 hominem
1647 1439 1740 1463 esse.
1788 1428 1865 1463 Sed
1883 1440 1924 1461 20

544 1487 708 1536 aliquod
742 1496 801 1523 est
842 1487 1078 1535 contingens
1124 1487 1255 1523 valens
1299 1487 1351 1522 acl
1395 1486 1584 1535 opposita,
1632 1494 1668 1522 et
1713 1484 1866 1533 aliquid

544 1546 780 1593 contingens
806 1558 877 1582 non
912 1547 1046 1582 valens
1077 1546 1129 1581 aci
1163 1545 1350 1594 opposita.
1377 1543 1623 1592 Contingens
1655 1543 1791 1579 valens
1816 1544 1866 1579 ad

542 1604 731 1652 opposita
755 1613 812 1641 est
836 1605 914 1640 tale
937 1604 1044 1640 cuius
1067 1604 1283 1653 oppositum
1317 1610 1446 1652 potest
1474 1602 1647 1647 evenire;
1668 1611 1725 1648 ut,
1757 1602 1867 1649 quod

542 1667 628 1712 cego
673 1676 758 1698 sum
807 1664 965 1708 bonus',
1016 1671 1073 1698 est
1114 1662 1347 1710 contingens
1380 1661 1516 1697 valens
1562 1661 1611 1697 ad
1660 1658 1864 1708 opposita3

543 1722 649 1770 quia,
692 1720 875 1769 quamvis
920 1734 1027 1757 nunc
1072 1721 1145 1756 sim
1194 1722 1335 1765 bonus,
1392 1727 1532 1767 postea
1571 1731 1735 1766 possum
1777 1730 1861 1754 esse
1883 1720 1922 1753 25

543 1793 633 1817 cum
670 1780 744 1815 hoc
778 1781 885 1828 quod
920 1792 1000 1815 non
1035 1778 1107 1815 sim
1145 1780 1287 1825 bonus,
1334 1777 1524 1826 precipue
1561 1776 1780 1813 moraliter.
1818 1778 1867 1812 Et

542 1850 662 1875 omne
707 1838 785 1874 tale
832 1837 978 1874 dicitur
1023 1837 1260 1885 contingens
1307 1838 1356 1872 ad
1402 1835 1651 1871 utrumlibet.
1699 1833 1866 1871 Contin-

545 1909 639 1946 gens
673 1909 754 1932 non
787 1896 923 1932 valens
958 1896 1008 1932 ad
1041 1895 1230 1943 opposita
1266 1903 1324 1930 est
1359 1893 1596 1942 contingens
1617 1893 1725 1929 cuius
1746 1904 1864 1942 oppo-

543 1955 658 1992 situm
693 1967 765 1990 non
794 1962 923 2004 potest
956 1954 1129 1990 evenire:
1167 1962 1222 1999 ut,
1258 1955 1403 1989 ‘Deum
1430 1964 1513 1988 esse
1547 1960 1603 1988 est
1628 1950 1866 1998 contingens

546 2026 626 2050 non
666 2013 801 2049 valens
847 2013 896 2049 ad
941 2011 1166 2060 opposita³3
1212 2010 1308 2059 quia
1353 2010 1586 2058 oppositum
1633 2009 1717 2045 eius
1755 2009 1866 2045 nullo
1883 2013 1924 2045 30

548 2072 669 2108 modo
703 2080 835 2119 potest
870 2070 1040 2106 evenire.
1076 2072 1125 2106 Et
1157 2069 1232 2105 isto
1267 2070 1389 2105 modo
1413 2068 1648 2116 contingens
1672 2067 1867 2103 subalter-

546 2139 667 2167 natur
700 2128 941 2175 necessario,
977 2137 1013 2164 et
1041 2140 1123 2164 non
1147 2126 1387 2164 contradicit
1421 2126 1513 2173 sibi3
1548 2135 1604 2172 ut,
1634 2125 1665 2162 si
1690 2127 1866 2161 ‘necesse

548 2197 605 2225 est
639 2190 767 2224 Deum
803 2190 901 2223 esse’
948 2195 1042 2223 tunc
1095 2185 1350 2234 ‘contingens
1397 2193 1452 2220 est
1498 2187 1627 2220 Deum
1674 2185 1772 2219 esse’
1806 2183 1866 2219 vel

546 2246 755 2293 ccontingit
781 2247 909 2281 Deum
945 2247 1059 2282 esse³.
1094 2246 1142 2280 Et
1175 2245 1316 2280 eodem
1342 2244 1463 2279 modo
1494 2242 1640 2278 dicitur
1663 2240 1865 2289 possibile.

547 2308 594 2341 Et
628 2305 703 2340 hoc
737 2312 794 2340 est
828 2305 936 2352 quod
984 2303 1066 2339 vult
1102 2302 1387 2350 Philosophus:
1443 2300 1675 2348 Cuicumque
1709 2300 1922 2335 debeam-33

542 2363 737 2413 possibile,
759 2363 879 2398 eidem
898 2362 1058 2398 debetur
1072 2361 1309 2410 contingens.
1338 2358 1599 2395 Nomz'naliter
1614 2357 1770 2406 capitur
1792 2356 1867 2393 iste

547 2421 756 2466 terminus,
777 2421 940 2469 quando
965 2419 1137 2455 sumitur
1161 2417 1418 2455 nominaliter
1439 2429 1513 2466 pro
1538 2416 1700 2453 veritate
1722 2427 1792 2464 que
1814 2422 1868 2451 est

548 2488 583 2516 et
600 2486 727 2529 potest
760 2491 832 2515 non
866 2491 958 2515 esse.
994 2480 1041 2513 Et
1075 2478 1219 2525 duplex
1254 2485 1310 2513 est
1343 2476 1421 2512 tale
1445 2474 1669 2522 contigeris:
1703 2473 1866 2518 scilicet,

549 2538 784 2585 contingens
808 2544 951 2581 natum,
978 2545 1014 2572 et
1039 2535 1273 2583 contingens
1289 2535 1341 2570 ud
1363 2533 1596 2569 utrumlibet.
1623 2535 1671 2568 Et
1686 2531 1865 2583 ulterius,

549 2596 689 2645 triplex
718 2604 774 2632 est
814 2595 1048 2642 contingens
1072 2603 1226 2644 natum)
1255 2592 1424 2630 scilicet:
1448 2591 1682 2639 contingens
1715 2602 1868 2639 semper
1880 2603 1924 2633 40

618 2756 652 2783 15.
676 2739 746 2781 ni'ssr·
838 2753 879 2781 25,
902 2739 1015 2780 moilr',

618 2817 647 2848 ’5.
674 2813 973 2847 Subdominczns.1
1000 2822 1153 2853 suppose
1173 2811 1239 2842 this
1259 2810 1357 2841 word
1375 2808 1458 2840 here
1479 2818 1598 2839 means
1617 2807 1719 2839 ‘from
1738 2806 1863 2838 under-

547 2861 670 2901 ncaffl’,
698 2862 763 2892 and
794 2860 926 2902 applics
953 2866 988 2890 to
1016 2858 1117 2901 ignis,
1146 2864 1206 2889 not
1232 2863 1268 2887 to
1294 2855 1545 2888 combustibile.
