2132 3319
280 204 354 237 140
999 194 1223 227 JOHANNIS
1250 193 1437 225 WYCLIF
1723 189 1813 218 CAP.
1833 189 1886 219 lx.

272 322 358 341 some
376 311 548 349 preferring
562 305 711 340 Verum
744 299 749 353 Ι
777 311 926 346 tamen,
961 301 1064 338 sicut
1097 300 1250 338 dictum
1284 309 1355 347 est,
1398 300 1543 348 duplex
1577 307 1634 336 est
1667 298 1805 347 opinio
1840 300 1888 335 de
1925 303 2028 334 3212

270 347 548 418 ⁰7²,1‘J,f3‚³{¹ndt⁵ff'e¹ff¹se
564 360 819 410 exposicione
851 359 993 396 talium
1027 358 1359 407 proposicionum
1394 358 1530 406 gracia
1561 357 1805 406 pluralitatis
1827 357 1890 393 vel

298 417 516 486 fggffitriggse
564 419 698 468 gracia
752 417 936 455 alietatis.
991 419 1040 453 Et
1083 425 1194 465 patet
1246 425 1396 465 quante
1448 417 1569 453 refert
1622 416 1767 462 dicere,
1821 415 1891 451 iste

269 493 324 517 not
343 489 407 516 also
429 486 536 514 makes
563 478 677 514 homo
710 484 857 513 tantum
892 488 965 511 non
998 475 1137 522 currit,
1171 483 1208 511 et
1231 475 1302 511 iste
1333 475 1447 511 homo
1480 488 1552 512 non
1576 481 1723 510 tantum
1748 473 1888 511 currit.

287 526 467 587 dist-gregffgsst,
492 563 525 582 as
564 537 679 572 Patet
712 534 841 572 eciam
876 534 1084 582 quomodo
1118 532 1252 569 differt
1292 532 1491 570 exclusiva
1524 532 1710 581 negativa
1744 533 1793 568 ab
1827 533 1923 567 ex-:S

269 590 715 657 Aggdoffyisnfflzfrclusiva
748 592 861 630 cuius
896 590 1071 628 exclusio
1105 590 1270 640 ponitur
1301 604 1323 627 a
1356 600 1470 639 parte
1499 590 1697 640 predicati
1720 589 1889 637 infiniti3

350 664 403 692 onl
442 661 478 689 Β.
564 660 607 688 ut
642 652 814 688 multum
849 650 969 686 refert
1002 649 1154 686 dicere:
1190 650 1266 685 Sor
1298 657 1446 686 tantum
1480 662 1552 686 non
1586 657 1643 686 est
1674 649 1819 695 album,
1853 656 1891 684 et

296 696 522 770 pigpziisiiffss,
564 709 698 746 dicere
736 710 812 745 Sor
856 715 913 745 est
955 715 1104 744 tantum
1153 720 1226 744 non
1265 707 1408 744 album.
1455 709 1568 745 Patet
1607 706 1735 744 eciam
1781 705 1891 742 racio

283 769 549 833 πὲξξξέξζξεῡζῃθ
564 768 796 816 regularum
826 767 875 803 de
904 765 1258 815 supposicionibus
1291 766 1558 803 terminorum
1592 764 1892 814 proposicionis

470 823 476 835 ‚

284 836 547 875 subJectaffected
565 826 774 872 exclusive,
828 825 1035 873 quomodo
1086 833 1169 861 tam
1223 824 1420 861 exclusive
1472 823 1713 862 affirmative
1770 835 1892 872 quam
1912 835 1950 856 10

283 872 541 937 ῗὲίὲᾏζῄρῐῇζέἳξ
564 884 747 933 negative
777 883 1003 920 subiectum
1034 895 1155 932 super
1177 896 1258 932 quo
1289 883 1398 920 cadit
1428 882 1602 920 exclusio
1625 890 1704 919 stat
1728 881 1892 918 confuse

274 942 550 1006 ψῑῡῐέῖεῑῐξζεῼξὲῑθὸὃ
565 952 740 988 tantum,
775 941 807 978 si
839 954 922 978 non
955 941 1117 978 aliunde
1149 940 1269 978 fuerit
1292 940 1574 987 distributum3
1609 950 1647 978 et
1677 939 1894 977 cuiuslibet

285 1015 439 1042 universa}
460 1012 541 1040 from
566 1001 657 1038 talis
691 999 887 1037 exclusive
920 999 1041 1048 primi
1074 999 1228 1036 ordinis
1260 999 1515 1048 predicatum
1549 1008 1628 1036 stat
1659 998 1823 1036 confuse
1856 1005 1894 1033 et

300 1048 526 1111 Οῖζῖξᾱοξέζθὸ)
568 1058 836 1104 distributive,
877 1059 1076 1095 subducto
1116 1057 1299 1106 quolibet
1338 1058 1592 1107 prohibente.
1638 1058 1754 1094 Unde
1794 1058 1894 1093 bene

309 1118 511 1181 predicatelis
566 1117 761 1167 sequitur,
796 1123 943 1153 tantum
968 1117 1046 1152 Sor
1076 1124 1133 1153 est
1164 1116 1324 1164 animal,
1358 1117 1470 1153 Plato
1497 1124 1553 1153 est
1584 1116 1752 1161 animal;
1782 1127 1894 1166 ergo,
1915 1116 1951 1149 15

332 1162 498 1182 umma'
566 1177 680 1213 Plato
713 1183 768 1212 est
802 1176 891 1211 Sor.
938 1173 1130 1223 Sequitur
1163 1174 1312 1211 eciam:
1347 1182 1495 1211 tantum
1535 1176 1613 1211 Sor
1645 1187 1717 1211 non
1757 1173 1895 1219 currit,

566 1235 681 1271 Plato
704 1241 759 1271 est
792 1246 865 1270 non
898 1245 1083 1279 currens,·
1114 1245 1226 1284 ergo,
1260 1233 1374 1270 Plato
1407 1241 1463 1270 est
1496 1234 1655 1279 Sortes;
1688 1241 1725 1269 et
1757 1231 1814 1269 sic
1847 1232 1895 1268 de

568 1302 726 1330 ceteris.

322 1365 428 1395 When
449 1365 500 1392 the
627 1350 835 1395 Similiter,
866 1349 969 1387 sicut
992 1348 1034 1386 in
1057 1348 1255 1386 exclusiva
1278 1349 1523 1387 affirmativa
1550 1348 1717 1386 secundi
1740 1348 1895 1386 ordinis

307 1400 525 1471 pre¹}{sitizglihe
570 1409 683 1446 cuius
716 1408 890 1445 exclusio
923 1408 1104 1456 precedit
1135 1409 1317 1453 verbum,
1352 1417 1430 1445 stat
1463 1408 1717 1457 predicatum
1752 1406 1895 1444 ceteris
1912 1418 1954 1440 20

276 1470 553 1540 thveerslsslbajgglpngtle
570 1467 737 1516 paribus
770 1466 1035 1512 immobiliter,
1069 1466 1173 1503 sicut
1207 1466 1247 1503 in
1280 1466 1354 1503 tali
1386 1466 1574 1515 negativa
1614 1465 1735 1503 stabit
1769 1465 1895 1502 mobi-

472 1527 479 1541 ‚

313 1541 475 1580 predicate
495 1540 520 1567 is
570 1526 662 1563 liter
694 1526 946 1574 predicatum
984 1526 1032 1561 de
1064 1525 1241 1562 termino
1275 1525 1453 1571 infinito;
1494 1534 1538 1561 ut
1571 1525 1603 1561 si
1637 1526 1715 1561 Sor
1747 1532 1895 1560 tantum

292 1576 474 1638 affifflssfiassiiss‘}
489 1575 555 1637 {1¹⁰3
570 1597 643 1621 non
683 1592 739 1621 est
777 1584 907 1620 album
949 1592 987 1619 et
1020 1583 1133 1620 Plato
1172 1591 1228 1620 est
1266 1596 1339 1620 non
1372 1585 1516 1628 album,
1561 1592 1657 1620 tunc
1690 1583 1803 1619 Plato
1843 1589 1898 1619 est

312 1646 467 1694 universal
488 1646 518 1672 in
570 1644 718 1679 Sortes.
764 1642 850 1689 Vel,
896 1641 928 1678 si
967 1641 1151 1690 capiatur
1189 1641 1443 1690 predicatum
1486 1641 1643 1678 finitum
1686 1650 1782 1678 tunc
1820 1649 1899 1677 stat

306 1685 531 1752 prgssffiiiigns.
572 1700 776 1738 mobiliter
800 1708 984 1748 respectu
1008 1699 1178 1737 subiecti
1211 1700 1374 1737 infiniti:
1408 1710 1463 1747 ut,
1488 1700 1520 1737 si
1544 1702 1621 1737 Sor
1643 1707 1791 1736 tantum
1825 1712 1897 1735 non
1915 1700 1955 1732 25

571 1767 626 1795 est
658 1759 816 1806 animal,
850 1767 887 1794 et
921 1758 1033 1794 Plato
1066 1766 1123 1794 est
1155 1759 1315 1805 animal,
1353 1767 1450 1795 tunc
1473 1759 1586 1795 Plato
1619 1767 1675 1795 est
1707 1771 1780 1794 non
1809 1758 1897 1804 Sor,

572 1826 610 1854 et
644 1819 720 1854 hoc
754 1817 945 1853 existente
978 1816 1160 1853 subiecto
1193 1817 1368 1853 termino
1401 1817 1607 1865 singulari.

296 1892 363 1920 The
384 1891 537 1919 exclusive
631 1875 838 1920 Similiter,
862 1874 975 1911 sicud
993 1875 1190 1912 exclusiva
1214 1888 1386 1924 sequens
1409 1876 1635 1912 subiectum
1661 1874 1900 1912 affirmative

281 1926 545 2000 Πξξὲῐῇξξβξοξῇε
573 1947 654 1970 non
701 1942 831 1970 mutat
871 1933 1128 1981 suppositum
1177 1934 1455 1983 cuiuscunque
1499 1934 1677 1980 termini,
1724 1933 1779 1970 sic
1825 1945 1899 1969 nec

281 1996 559 2067 tffipgffijiggsstggt
573 1994 738 2041 quando
772 2005 793 2029 a
826 2001 941 2040 parte
975 1992 1173 2040 predicati
1206 1993 1384 2041 ponitur,
1419 2006 1493 2030 nec
1527 1994 1690 2042 quando
1724 1991 1898 2029 exclusio
1916 1994 1958 2026 30

289 2068 311 2095 it
331 2067 471 2098 follows2
493 2074 551 2093 nor
574 2050 891 2088 contradictorie
925 2059 982 2087 est
1015 2050 1218 2099 negativa:
1253 2060 1297 2088 ut
1326 2060 1435 2100 patet
1463 2051 1503 2088 in
1527 2051 1625 2097 istis,
1651 2052 1728 2088 Sor
1749 2059 1898 2087 tantum

281 2101 629 2164 ofthgitffiidicateest
672 2110 832 2156 animal,
880 2109 1015 2145 Sortes
1059 2117 1114 2146 est
1160 2110 1286 2146 solum
1331 2123 1404 2146 non
1449 2111 1591 2157 album,
1649 2123 1721 2147 non
1773 2110 1898 2146 solum

574 2169 651 2204 Sor
698 2175 753 2204 est
801 2167 924 2203 albus.
976 2169 1284 2215 Verumtamen,
1338 2168 1445 2205 iuxta
1500 2168 1733 2218 opinionem
1788 2168 1899 2217 prius

574 2226 783 2262 recitatam
814 2222 818 2278 Ι
848 2238 925 2274 que
969 2226 1082 2274 ponit
1127 2228 1237 2275 quod
1276 2227 1474 2264 exclusiva
1514 2227 1730 2276 utrobique
1770 2227 1899 2276 posita
1938 2220 2042 2255 A32b

312 2301 345 2328 In
369 2301 416 2328 the
436 2301 525 2327 latter
574 2297 655 2321 non
717 2284 904 2333 negativa
967 2284 1139 2321 excludit
1202 2298 1325 2322 omne
1388 2285 1595 2334 inequum,
1659 2286 1716 2322 illi
1780 2298 1901 2334 super
1919 2282 1958 2315 35

283 2343 683 2399 tffisseessgffleotsffgrquod
717 2342 825 2379 cadit
861 2342 1036 2378 exclusio
1081 2356 1102 2379 a
1148 2343 1343 2389 subiecto,
1390 2344 1606 2381 dicendum
1653 2353 1754 2381 esset
1793 2345 1901 2394 quod

326 2405 526 2466 prediqaielis
577 2400 780 2437 distribuit
825 2414 898 2449 pro
944 2413 1188 2450 quocunque
1233 2402 1422 2450 opposito
1460 2404 1520 2439 vel
1565 2402 1715 2452 inequo
1756 2403 1813 2439 illi
1852 2404 1902 2440 ad

303 2442 538 2503 deffssffihflffigss
584 2460 692 2508 quod
746 2459 922 2495 exclusio
974 2460 1230 2498 terminatur.
1286 2462 1351 2507 Ut,
1405 2460 1435 2497 si
1483 2462 1560 2497 Sor
1613 2462 1737 2498 solum
1800 2462 1903 2498 videt

284 2512 558 2584 Ῐῐξιὲξξίῐξὲθᾶξᾶζξὲ
579 2518 795 2565 Platonem,
850 2518 983 2554 videre
1040 2518 1265 2555 Ciceronem
1321 2527 1378 2555 est
1431 2519 1541 2555 aliud
1594 2533 1714 2569 quam
1771 2520 1904 2557 videre

310 2589 368 2608 one
389 2580 539 2608 affirmed.

640 2684 669 2715 J.
692 2680 719 2703 et
741 2676 800 2709 (2?)
816 2684 878 2711 pro
899 2676 1013 2716 duplex
1035 2677 1068 2704 Β.
1166 2685 1192 2712 7.
1214 2678 1259 2704 vel
1277 2685 1336 2712 pro
1357 2682 1389 2716 ut
1409 2678 1449 2705 A.
1548 2687 1581 2706 11.
1603 2687 1697 2714 super
1717 2679 1799 2715 quod
1821 2680 1904 2707 cadit

579 2711 752 2758 sublectum
774 2711 807 2738 B.
896 2711 933 2738 13.
957 2720 1057 2750 prima
1078 2716 1180 2759 tamen
1225 2720 1260 2739 ro
1283 2712 1477 2752 predicatum
1498 2714 1536 2740 A.
1590 2749 1595 2753 ι
1628 2722 1674 2741 20.
1705 2719 1823 2742 tantum
1842 2722 1903 2766 ιξπνο

578 2746 706 2773 xerbum
721 2745 753 2772 Β.
829 2753 865 2779 21,
882 2747 1085 2773 22.mob1l1te1
1100 2746 1182 2774 deest
1219 2768 1224 2773 .
1299 2746 1344 2774 30.
1359 2748 1467 2784 before
1481 2749 1617 2776 exclusio
1633 2749 1758 2784 quando
1772 2750 1840 2783 9clu
1863 2751 1903 2777 A.

578 2790 617 2819 31.
638 2792 850 2831 contradiccio
870 2794 909 2819 A.
990 2792 1033 2820 33.
1056 2794 1160 2820 album
1183 2793 1216 2820 Β.
1297 2792 1338 2821 35.
1362 2799 1468 2829 negata
1490 2795 1528 2829 B;
1549 2796 1588 2822 ib.
1608 2795 1702 2831 igitur
1720 2788 1782 2831 pro'
1799 2788 1842 2823 illi
1863 2797 1902 2823 A.

579 2825 625 2854 36.
647 2827 821 2860 excluswo3
844 2835 859 2854 a
880 2827 966 2854 deest
985 2829 1023 2855 A.
1098 2827 1142 2862 38,
1165 2826 1212 2862 39.
1232 2837 1284 2855 sor
1304 2837 1332 2855 v.
1355 2830 1510 2864 platonem
1533 2831 1633 2858 solum
1655 2830 1688 2857 Β.
