2132 3319
265 539 280 571 5

163 770 189 800 A
208 767 267 812 37ἡ

244 838 281 859 10

241 1117 277 1149 15

238 1420 279 1441 20

301 197 389 226 CAP.
411 199 461 227 XI.
876 201 937 232 LO
946 201 1061 232 GICA.

300 307 490 343 sicionem
531 306 767 354 simplicem.
816 308 927 342 Illum
971 307 1073 342 enin]
1108 320 1206 343 voco
1245 319 1405 342 sensum
1447 320 1610 355 compo-

299 365 418 400 situm
461 364 526 412 qui
568 364 744 412 precedit
785 378 908 400 unum
950 377 1206 401 communem
1251 378 1321 412 pro
1362 378 1441 412 quo
1482 366 1610 401 verifi-

300 431 423 468 cetur,
458 424 552 458 dum
587 430 722 458 tamen
750 435 821 469 pro
855 423 963 458 nullo
996 422 1188 469 singulari
1221 422 1329 458 illius
1362 423 1609 469 communis3

299 489 341 515 ut
364 480 553 516 hominem
589 491 668 515 θεεθ
700 487 755 515 θεῖ
788 480 1061 525 necessarimm,
1095 489 1132 516 et
1155 489 1291 516 tamen
1323 481 1455 516 nullus
1489 481 1610 516 homo

299 546 356 574 est
396 537 471 574 ille.
520 539 567 573 Et
606 550 765 574 sensum
808 537 978 574 divisum
1011 550 1109 574 voco
1149 550 1309 574 sensum
1343 538 1410 586 qui
1444 538 1612 586 requirit

298 595 498 643 singulare
537 608 609 643 pro
648 608 728 643 quo
774 595 1003 643 proposicio
1047 595 1289 641 verificatur,
1331 605 1373 632 ut
1419 596 1501 632 hic:
1549 608 1611 631 ne-

297 653 465 690 cessario
508 653 622 689 homo
666 661 721 690 θεῖ
766 654 955 691 mortalis.
1010 655 1058 689 Et
1102 653 1158 690 sic
1204 653 1337 690 sensui
1386 654 1612 702 composito

297 711 468 748 deservit
506 711 738 759 supposicio
784 711 964 759 simplex,
1012 720 1048 748 et
1095 711 1227 748 sensui
1273 711 1397 748 diviso
1443 712 1613 748 deservit

296 768 527 817 supposicio
571 768 805 817 personalis.
857 765 860 822 l
914 771 995 805 Nec
1040 770 1173 806 obstat
1218 771 1385 806 eandem
1427 769 1610 818 proposi-

297 826 453 863 cionem
488 827 590 863 sumi
629 828 851 863 secundum
893 826 1067 864 diversas
1107 836 1254 875 partes,
1294 836 1376 863 tarn
1415 827 1455 863 in
1495 840 1611 864 sensu

297 884 523 933 composito
557 898 677 933 quarn
712 884 850 921 diviso.

353 944 590 991 Exemplum
637 944 810 979 secunde
857 943 983 990 partis
1029 944 1163 991 regule
1209 952 1265 979 est
1310 944 1407 979 tale:
1462 956 1610 979 omnem

295 1001 484 1037 hominem
525 1012 605 1037 θεεθ
644 1008 698 1037 θεῖ
743 1001 1022 1046 necessarimm,-
1066 1001 1324 1037 necessarium
1371 1009 1425 1037 θεῖ
1469 1002 1613 1037 instans

296 1060 355 1095 vel
397 1059 554 1107 aliquod
600 1058 852 1107 corruptibile
895 1071 998 1103 θεεθ,·
1050 1068 1220 1107 utraque
1264 1059 1431 1095 istarum
1479 1068 1610 1107 potest

295 1116 398 1153 sumi
444 1116 483 1152 in
522 1129 639 1152 sensu
680 1116 906 1164 composito
947 1117 1013 1165 qui
1055 1126 1112 1153 est
1151 1130 1280 1163 verus,
1328 1126 1364 1153 et
1409 1117 1448 1152 in
1494 1129 1611 1153 sensu

296 1174 421 1211 diviso
468 1175 534 1223 qui
589 1183 646 1211 est
690 1175 824 1212 falsus.
879 1177 959 1211 Nec
1013 1187 1055 1211 ex
1110 1177 1184 1211 hoc
1232 1175 1378 1211 accidit
1431 1175 1611 1212 confusio

295 1232 582 1281 respondendi3
623 1233 730 1269 iuxta
770 1232 880 1280 prius
920 1232 1027 1269 dicta
1066 1246 1304 1281 quecunque
1343 1233 1432 1269 talis
1465 1246 1612 1282 propo-

294 1290 391 1327 sicio
438 1290 603 1328 concedi
647 1292 763 1327 debet
814 1290 1062 1339 simpliciter,
1117 1304 1206 1327 cum
1253 1291 1437 1327 habuerit
1484 1305 1610 1327 unum

294 1349 531 1397 primarium
565 1361 723 1385 sensum
758 1361 908 1387 verum.
941 1351 989 1385 Et
1014 1361 1057 1386 ex
1080 1351 1156 1386 hoc
1189 1358 1298 1397 patet
1329 1349 1424 1386 talia
1457 1349 1611 1397 sophis—

296 1415 403 1443 mata
427 1419 509 1444 esse
532 1419 643 1443 vera:
678 1407 893 1443 necessario
925 1407 1072 1456 aliquid
1094 1415 1149 1444 θεῖ
1171 1408 1273 1456 quod
1300 1420 1372 1443 non
1396 1408 1611 1443 necessario

294 1473 369 1510 θεῖ,·
419 1478 567 1502 omnem
620 1465 809 1501 hominen'z
863 1477 944 1501 θεεθ
995 1473 1050 1502 θεῖ
1101 1466 1325 1516 contingens
1376 1473 1411 1501 θῖ
1462 1478 1609 1501 omnem

294 1524 481 1559 hominem
522 1535 602 1560 θεεθ
635 1531 689 1559 θεῖ
727 1524 1000 1569 necessarium,
1046 1532 1082 1559 et
1121 1532 1257 1560 tamen
1288 1523 1441 1559 nullum
1475 1535 1610 1560 neces-

292 1581 440 1618 sarium
484 1591 541 1618 est
589 1581 839 1629 contingens.
899 1583 1078 1618 Mutatur
1129 1581 1235 1617 enirn
1289 1581 1518 1630 supposicio
1571 1581 1611 1618 in

1825 197 1891 231 161

1626 314 1692 342 Tne
1713 324 1779 343 con]
1788 318 1889 350 pound

1656 358 1744 377 sense
1765 352 1790 377 is
1811 353 1875 378 that

1628 385 1727 411 which
1746 385 1771 412 is
1790 391 1855 412 true
1870 390 1901 413 ot

1661 420 1711 445 the
1731 420 1817 455 thing
1838 421 1866 447 in

1635 455 1767 488 general,
1789 459 1840 481 not
1862 456 1893 482 of

1635 489 1686 515 the
1706 489 1892 524 individual3

1670 524 1720 550 the
1742 524 1864 551 divided

1663 566 1751 585 sense
1771 558 1797 585 is
1817 559 1867 586 the

1685 598 1840 629 contrary.

1656 950 1822 987 Examples
1843 953 1878 981 of

1636 987 1686 1012 the
1708 987 1754 1012 2⁰1¹
1772 992 1840 1021 part
1860 988 1895 1015 of

1688 1021 1737 1048 the
1759 1022 1839 1049 rule:

1658 1057 1872 1090 propositions

1708 1099 1764 1118 can
1787 1091 1822 1118 be

1667 1126 1856 1153 understood

1634 1160 1706 1186 both
1727 1169 1821 1197 ways,
1843 1162 1902 1189 and

1638 1202 1689 1221 are
1709 1196 1805 1223 either
1825 1201 1890 1224 true

1656 1238 1691 1256 or
1712 1228 1802 1264 salse3
1826 1231 1878 1258 but

1645 1265 1809 1293 wlienevei·
1828 1274 1886 1293 one

1696 1300 1834 1335 primary

1650 1342 1739 1361 sense
1759 1335 1785 1362 is
1806 1340 1882 1369 true,

1671 1368 1755 1396 there
1776 1370 1801 1397 is
1823 1378 1862 1397 no

1636 1403 1783 1440 difficulty
1803 1405 1896 1432 about

1644 1439 1787 1474 granting
1807 1441 1890 1467 them

1707 1474 1833 1510 simply.

1685 1509 1741 1543 Αε,
1764 1518 1791 1535 v.
1813 1518 1841 1544 g.

1667 1543 1863 1579 Necessarily

1642 1578 1820 1615 something
1840 1580 1876 1613 τέ,

1689 1613 1787 1641 wlziclz
1808 1614 1834 1641 is

161 1643 186 1673 B
205 1640 262 1683 27¹³
292 1639 457 1685 talibu53
488 1635 492 1692 Ι
521 1640 777 1676 necessarium
810 1647 865 1676 θεῖ
897 1640 1085 1676 hominem
1120 1652 1200 1676 esse
1232 1648 1268 1676 et
1301 1640 1525 1690 contingens
1557 1647 1612 1676 θεῖ
1633 1651 1688 1676 not
1705 1649 1895 1685 necessarily

237 1699 276 1731 25

238 1993 279 2025 30

292 1698 481 1734 hominem
521 1707 623 1744 θεεθ;
666 1699 733 1734 sed
773 1710 854 1733 non
895 1697 1129 1746 contingens
1176 1706 1232 1734 est
1278 1697 1483 1734 hominem
1530 1711 1611 1734 non

294 1768 390 1801 esse,
415 1755 649 1804 accipiendo
673 1756 823 1792 dictum
849 1756 1049 1804 negative3
1079 1769 1152 1793 nec
1181 1756 1377 1804 contingit
1406 1755 1610 1792 hominem

293 1827 373 1850 non
412 1826 506 1850 esse.
554 1814 593 1850 Si
634 1813 738 1850 enim
780 1813 853 1851 iste
892 1814 1102 1862 terminus,
1152 1815 1389 1865 contingens,
1430 1823 1612 1850 sumatur

293 1872 552 1908 nominaliter
584 1871 821 1919 indeffinste,
856 1881 892 1908 et
923 1872 1073 1909 dictum
1108 1873 1305 1921 negative,
1339 1881 1433 1909 tunc
1467 1873 1610 1908 falsum

295 1939 351 1966 est
385 1932 493 1979 quod
527 1931 752 1981 contingens
785 1938 840 1966 θεῖ
863 1931 1052 1967 hominem
1078 1944 1151 1967 non
1175 1943 1267 1977 esse,
1302 1930 1395 1979 quia
1420 1931 1609 1967 hominem

295 2001 366 2024 non
405 2001 485 2025 θεεθ
526 2001 605 2025 non
645 1997 716 2035 est,
757 2001 845 2025 curn
887 1989 1033 2025 nullum
1074 1990 1263 2025 hominem
1303 2002 1375 2025 non
1414 2001 1495 2025 θεεθ
1539 1998 1609 2026 est.

295 2049 375 2083 Nec
414 2048 609 2083 sumendo
649 2046 862 2083 modaliter
902 2055 958 2083 est
998 2047 1227 2095 proposicio
1268 2060 1372 2093 vera,
1414 2060 1503 2083 curn
1539 2047 1611 2083 im-

295 2104 485 2152 possibile
518 2104 567 2140 sit
601 2104 807 2141 hominem
841 2117 921 2141 non
954 2118 1051 2142 esse.

364 2258 388 2277 2.
411 2250 563 2285 pretendit
585 2251 616 2277 B.
726 2259 749 2284 2,
771 2249 795 2277 3.
818 2251 990 2277 verificatur
1012 2251 1192 2285 proposicio
1215 2252 1245 2278 Β.
1355 2251 1379 2279 5.
1411 2253 1511 2279 solum
1533 2260 1610 2279 voco

295 2293 420 2312 sensum
443 2285 578 2312 divisum
601 2285 631 2311 Β.
724 2286 752 2311 (5.
774 2285 962 2319 singularem
986 2285 1237 2320 proposicionem
1260 2295 1315 2320 pro
1337 2294 1396 2320 qua
1418 2286 1456 2319 B;
1478 2286 1517 2313 ib.
1541 2295 1611 2321 pro-

295 2331 414 2370 posicio
425 2331 884 2360 de‘estss:z'h.xe1·ifica1-etu1·13.
959 2339 984 2364 7.
1001 2331 1108 2358 morlis
1123 2343 1156 2355 =
1171 2333 1308 2360 moralis'
1322 2333 1386 2359 AB.
1460 2341 1501 2360 io.
1518 2341 1611 2368 quarn

296 2374 325 2393 in
347 2374 439 2393 sensu
461 2366 493 2393 B.
602 2365 639 2394 13,
662 2374 701 2398 14.
734 2367 857 2401 aliquod
889 2366 1010 2393 instans
1040 2367 1084 2393 vel
1106 2375 1168 2402 pro
1195 2367 1314 2395 instans
1345 2368 1388 2394 vel
1417 2368 1541 2403 aliquod
1573 2369 1611 2396 A.

296 2409 337 2434 14.
354 2405 483 2435 utraque
504 2405 605 2427 autem
619 2401 651 2428 Β.
728 2409 766 2434 17.
789 2401 859 2435 quia
881 2401 963 2428 iuxta
985 2401 1016 2427 Β.
1104 2409 1150 2428 20.
1173 2407 1218 2428 est
1239 2403 1283 2429 vel
1306 2402 1361 2429 erit
1383 2402 1414 2429 Β,
1507 2410 1545 2430 21.
1567 2408 1612 2430 est

295 2436 339 2462 vel
353 2435 477 2470 eritpro
493 2440 537 2462 est
551 2435 657 2472 before
673 2444 796 2463 omnem
814 2436 845 2462 Β.
920 2436 1157 2472 213isupposicio
1172 2437 1298 2464 deestll
1372 2445 1418 2470 24.
1430 2437 1611 2472 supposicio

295 2470 504 2497 necessarium
527 2470 557 2497 Β.
665 2469 711 2498 28.
732 2471 849 2498 infinite
871 2471 902 2498 B.
976 2478 1022 2505 29.
1046 2471 1202 2499 hominem
1224 2476 1270 2499 est
1291 2471 1397 2508 before
1418 2480 1479 2499 non
1495 2481 1561 2499 esse
1578 2473 1609 2499 Β.

369 2541 464 2573 1—5.
492 2543 640 2574 Sensum
668 2543 899 2584 compositum
924 2563 956 2567 -—
981 2544 1145 2576 divisum.
1173 2544 1259 2576 This
1286 2545 1313 2576 is
1340 2550 1402 2575 not
1427 2545 1522 2586 quite
1552 2544 1610 2576 the

295 2589 395 2620 usual
423 2599 522 2620 sense
548 2589 582 2619 in
607 2589 722 2621 which
748 2590 806 2621 the
833 2591 1032 2622 distinction
1059 2592 1086 2622 is
1113 2590 1215 2622 taken
1248 2591 1293 2633 by
1319 2590 1377 2622 the
1409 2591 1545 2623 school.
1584 2592 1611 2622 lt

295 2635 414 2666 would
447 2635 489 2666 be
515 2636 612 2675 used,
649 2646 681 2667 v.
708 2647 752 2678 g.,
779 2643 814 2667 to
848 2637 987 2668 confute
1019 2636 1077 2669 the
1109 2637 1294 2679 following
1326 2637 1499 2678 sophism:
1543 2638 1611 2677 Qui

297 2691 388 2713 nunc
414 2685 467 2713 est
494 2686 654 2713 mortuus
681 2683 757 2715 lzeri
784 2683 892 2721 vixit‚·
919 2684 1018 2725 atqui
1037 2684 1225 2725 Pompeius
1244 2694 1334 2715 nunc
1352 2689 1402 2716 θεῖ
1430 2688 1610 2716 mortuns:

296 2736 390 2769 ergo,
418 2728 493 2759 heri
519 2728 622 2759 vixit.
660 2728 736 2759 The
763 2730 988 2761 Dominicans
1015 2730 1116 2761 made
1142 2736 1237 2772 great
1263 2741 1325 2762 use
1351 2729 1390 2761 of
1414 2730 1438 2761 it
1464 2730 1497 2760 in
1523 2730 1611 2762 their

297 2780 522 2816 controversy
556 2775 689 2816 against
720 2774 777 2806 the
808 2777 945 2816 Jesuits‚
980 2787 1025 2807 on
1057 2776 1114 2807 the
1141 2777 1303 2818 question
1337 2776 1377 2807 of
1404 2787 1504 2818 grace
1543 2778 1608 2808 and

298 2819 472 2851 free-will.

1432 2890 1465 2910 11

1661 1688 1716 1710 etc.
1738 1683 1764 1710 is
1785 1688 1866 1718 true3

1705 1718 1753 1745 foi·
1775 1718 1824 1745 the

1639 1753 1837 1788 supposition
1859 1754 1894 1781 of

1627 1788 1677 1815 the
1689 1788 1795 1815 words
1809 1788 1834 1815 is
1850 1794 1903 1816 not

1680 1823 1730 1849 the
1751 1831 1845 1850 same.

1675 1857 1746 1884 Man
1768 1863 1853 1885 must

1672 1892 1750 1919 exist
1770 1901 1802 1920 as
1824 1901 1861 1920 an

1656 1935 1796 1962 essence3
1819 1928 1872 1955 but

1670 1962 1753 1989 there
1773 1962 1799 1990 is
1821 1971 1860 1989 no

1654 1997 1807 2033 necessity
1827 1998 1875 2024 for

1638 2039 1697 2068 any
1718 2032 1888 2071 individual

1651 2075 1721 2094 man
1742 2072 1772 2094 to
1793 2071 1880 2094 exist.
