2132 3319
861 779 1207 827 CAPITULUM
1243 779 1528 828 QUINTUM.

242 903 456 939 Propositions
476 904 506 931 in
587 895 819 943 Proposicio
852 896 961 944 large
991 896 1194 945 loquendo
1224 905 1281 933 est
1304 908 1368 933 ens
1390 896 1593 945 complexe
1613 895 1860 946 significans,-

304 940 445 975 general.
620 953 627 959 ·
761 954 768 959 -
1238 955 1245 960 ·
1309 954 1314 960 ·

528 962 565 989 et
598 966 666 1000 sic,
701 967 797 1002 quia
830 967 950 991 omne
983 956 1092 1003 quod
1126 964 1183 991 est
1216 954 1416 1003 significat
1445 955 1652 1003 complexe
1685 966 1725 990 se
1759 966 1856 999 esse,

526 1025 646 1049 omne
685 1013 794 1061 quod
834 1022 892 1049 est
931 1013 1026 1049 satis
1067 1014 1167 1049 bene
1206 1022 1340 1062 potest
1372 1012 1450 1049 dici
1483 1012 1729 1061 proposicio.
1775 1014 1854 1049 Sed

529 1072 656 1107 multo
697 1071 952 1108 contraccius
994 1071 1192 1108 diffinitur
1231 1071 1463 1120 proposicio
1499 1072 1560 1108 vel
1599 1070 1854 1117 describitur,

526 1131 748 1166 secundum
773 1131 882 1178 quod
916 1138 973 1166 est
999 1130 1136 1166 oracio
1166 1129 1432 1166 artificialiter
1460 1130 1634 1176 inventa,
1659 1129 1733 1166 sic:
1767 1142 1858 1178 pro-

525 1188 680 1236 posieio
714 1197 772 1224 est
805 1189 936 1224 oracio
969 1189 1192 1234 indicativa,
1227 1201 1419 1239 congrua,
1452 1201 1587 1225 verum
1621 1188 1682 1224 vel
1704 1188 1856 1236 falsum

526 1247 763 1297 significans„
797 1254 831 1282 et
859 1247 1080 1296 perfectum
1111 1247 1344 1283 intellectum
1369 1247 1548 1283 reddens.
1584 1246 1675 1283 Vel:
1709 1259 1857 1294 propo-

525 1304 623 1341 sicio
670 1314 727 1341 est
768 1306 873 1341 racio
906 1305 1130 1352 indicativa,
1169 1317 1360 1356 congrua,
1398 1305 1624 1356 significans
1655 1305 1858 1354 complexe

524 1363 622 1399 sicut
654 1371 709 1400 est
742 1364 803 1400 vel
834 1364 930 1399 sicut
963 1376 1035 1400 non
1069 1371 1145 1409 θεῖς
1174 1373 1217 1399 ut
1250 1363 1326 1400 ista
1359 1363 1609 1412 proposicio:
1645 1363 1758 1399 homo
1787 1370 1855 1409 est,

525 1421 654 1469 signat
681 1421 873 1470 primarie
897 1421 999 1458 sicut
1023 1431 1081 1458 θεῖ
1104 1430 1140 1458 θῖ
1164 1422 1387 1470 complexe;
1424 1431 1461 1458 et
1484 1421 1574 1458 ideo
1599 1430 1655 1458 est
1678 1433 1792 1468 vera,
1818 1430 1856 1457 et

526 1481 599 1517 hec
632 1480 877 1529 proposicio,
919 1482 1051 1517 ‘nemo
1085 1482 1154 1516 est⁷
1190 1480 1391 1528 significat
1424 1479 1617 1528 primarie
1651 1480 1857 1528 complexe

525 1538 627 1575 sicut
649 1551 722 1574 non
747 1547 823 1584 θεῖς
858 1547 895 1574 θῖ
928 1540 1019 1575 ideo
1052 1538 1119 1575 illa
1154 1547 1212 1575 est
1244 1539 1355 1575 falsa.
1391 1539 1469 1575 Sed
1498 1539 1723 1575 notandum
1748 1539 1857 1587 quod

525 1598 670 1645 duplex
719 1606 776 1633 θεῖ
818 1596 1013 1645 primaria
1056 1596 1325 1644 significacio:
1370 1596 1535 1643 seilicet,
1581 1596 1777 1633 naturalis
1821 1604 1859 1632 et

241 1661 268 1688 A
289 1660 499 1699 proposition,
525 1655 761 1692 artificialis.
786 1654 984 1692 primaria
1008 1655 1256 1703 significacio
1280 1655 1475 1691 naturalis
1491 1654 1786 1703 proposicionis
1802 1663 1858 1690 est

233 1695 597 1766 §ufj‘scffss'ffijssffidftlla
643 1713 846 1750 mediante
893 1726 972 1762 qua
1017 1713 1251 1762 proposicio
1298 1713 1498 1761 significat
1538 1713 1779 1750 naturaliter
1817 1725 1857 1749 se

245 1766 496 1828 affissjs‘gssenin
526 1772 667 1820 ipsam.
704 1771 900 1808 Primaria
933 1771 1181 1820 significacio
1215 1771 1436 1808 artificialis
1470 1780 1527 1808 θεῖ
1556 1771 1623 1808 illa
1653 1771 1857 1808 mediante

251 1836 493 1897 alsgrffi'stlmeans
527 1844 606 1879 qua
640 1830 870 1878 proposieio
904 1830 1103 1878 significat
1136 1843 1179 1867 ex
1212 1830 1479 1878 imposicione
1512 1830 1716 1866 idiomatis
1755 1829 1856 1866 veri-

237 1905 290 1932 but
305 1905 327 1932 it
342 1879 512 1941 insilynfii'ean
528 1898 651 1925 tatem
694 1889 796 1925 sicut
830 1898 899 1934 est,
940 1890 1000 1925 vel
1033 1889 1136 1925 sieut
1168 1901 1249 1924 non
1284 1897 1361 1935 θεῖ;
1399 1890 1467 1925 sed
1502 1890 1574 1925 hec
1607 1887 1853 1936 proposicio,

272 1940 353 1967 what
373 1941 398 1967 ³5
420 1945 482 1968 not.
528 1948 635 1983 Deus
667 1955 734 1991 est,
767 1946 961 1996 primarie
994 1960 1037 1984 ex
1070 1947 1336 1995 imposicione
1369 1946 1569 1995 significat
1602 1946 1719 1983 istam
1754 1945 1854 1983 veri-

527 2015 666 2052 tatem,
700 2006 865 2051 scilicet,
890 2006 1017 2041 Deum
1051 2018 1153 2051 esse,·
1185 2015 1222 2042 et
1254 2005 1329 2042 ista
1356 2005 1603 2053 proposicio,
1628 2006 1741 2041 homo
1764 2001 1853 2056 esa!

527 2064 719 2113 primarie
753 2077 797 2100 ex
829 2064 1095 2112 imposicione
1128 2063 1329 2112 significat
1359 2064 1548 2100 hominem
1578 2076 1680 2109 esse;
1712 2072 1749 2099 et
1780 2063 1857 2099 ista

528 2122 771 2171 proposicio,
805 2123 935 2159 nullus
957 2123 1065 2159 Deus
1097 2130 1165 2167 est,
1200 2122 1400 2170 significat
1425 2122 1618 2170 primarie
1651 2134 1694 2158 ex
1727 2121 1856 2170 impo-

527 2181 678 2218 sicione
712 2181 815 2217 sicut
848 2194 928 2217 non
963 2190 1033 2227 θεῖ,
1067 2193 1140 2218 nee
1173 2180 1364 2229 possibile
1399 2190 1456 2217 est
1490 2193 1586 2217 esse.

587 2241 665 2276 Sed
688 2240 914 2276 notandum
939 2241 1048 2288 quod
1072 2239 1309 2287 quintuplex
1333 2248 1390 2276 θεῖ
1418 2238 1661 2288 proposicio,
1686 2238 1854 2276 scilicet:
1899 2250 1910 2256 ⁷

290 2302 466 2330 Divisions:
527 2298 718 2345 mentalis,
752 2298 896 2334 vocalis
928 2307 965 2334 et
986 2298 1132 2347 scripta
1156 2297 1409 2346 proposicio;
1445 2298 1576 2345 realis,
1608 2305 1651 2333 ut
1680 2296 1856 2346 quelibet

246 2338 505 2409 Πᾷῗῇξῗὲῇ,νξέξῆ”
528 2369 589 2392 res
629 2369 792 2393 movens
826 2357 875 2392 ad
909 2357 1238 2404 componendum
1271 2368 1362 2392 vere
1394 2356 1455 2392 vel
1487 2356 1603 2401 false3
1646 2364 1682 2391 et
1716 2355 1854 2403 quinta

260 2408 486 2478 prgiigsitsilssiis.
528 2414 762 2463 proposicio
796 2423 854 2451 θεῖ
887 2414 944 2451 sic
977 2427 1061 2451 esse
1094 2414 1196 2451 sicut
1229 2414 1462 2462 proposicio
1494 2413 1708 2462 significat.

293 2480 322 2505 A
342 2479 457 2518 vnetgtle
588 2473 823 2521 Proposieio
848 2472 1033 2509 mentalis
1058 2481 1114 2509 θεῖ
1138 2472 1178 2509 in
1201 2473 1349 2518 anima,
1376 2482 1412 2509 et
1435 2472 1521 2520 ipsa
1540 2481 1671 2521 potest
1687 2471 1855 2520 intelligi

244 2519 513 2583 ,ῃξζῇοξῖζιέῗὲῃῑ
528 2531 858 2580 quadrupliciter.
893 2531 1123 2580 Aliquando
1158 2531 1313 2579 capitur
1342 2544 1415 2579 pro
1439 2530 1738 2567 intencionibus
1762 2531 1854 2566 ade-

237 2583 377 2610 different
399 2583 512 2618 things.
529 2599 649 2638 quate
683 2598 719 2626 et
749 2590 947 2638 complete
971 2589 1258 2626 inclinantibus
1282 2591 1331 2626 ad
1356 2589 1584 2637 aliqualiter
1608 2600 1855 2636 componen-

529 2649 623 2684 dum
658 2649 718 2684 vel
747 2647 1021 2684 dividendum.
1056 2649 1243 2684 Secundo
1274 2649 1395 2684 modo
1420 2647 1578 2696 capitur
1602 2660 1676 2695 pro
1700 2646 1854 2683 actibus

529 2706 768 2754 aggregatis,
803 2719 880 2755 que
913 2715 1003 2742 sunt
1034 2706 1139 2743 circa
1164 2705 1489 2754 proposicionem
1516 2705 1783 2753 compositam
1809 2717 1853 2740 ex

599 2873 617 2891 1.
641 2865 819 2900 Capitulum
841 2864 983 2898 quintum
1006 2864 1100 2891 deest.
1177 2872 1200 2890 2.
1224 2864 1328 2891 Inilz'al
1349 2864 1369 2891 P
1390 2864 1420 2891 in
1442 2864 1509 2891 lvlue
1529 2864 1592 2891 inlr.

1877 1381 1916 1401 10

1879 1663 1914 1695 15
