2132 3319
312 205 363 239 74
1032 201 1255 232 νῘΟΗΑΝΝῙΞ
1281 201 1467 232 WYCLIF
1709 198 1798 226 CAP.
1818 197 1913 225 XXII.

599 310 692 343 dum
724 306 901 343 animam
926 319 1002 355 que
1033 308 1270 343 movebatur
1293 308 1342 343 ad
1365 307 1512 344 inferos
1537 320 1608 355 pro
1643 308 1782 344 eodem
1817 315 1916 343 tem-

598 378 715 416 pore3
749 375 785 401 et
808 374 943 401 tamen
976 367 1196 410 secundum
1233 365 1421 402 deitatem
1439 365 1660 414 permansit
1682 364 1918 413 simpliciter

600 423 853 460 immortalis.
907 425 955 459 Et
988 423 1044 459 sic
1078 424 1245 460 concedi
1279 425 1395 460 debet
1429 426 1538 472 quod
1572 425 1712 460 eadem
1747 435 1917 471 persona

600 491 657 518 est
698 481 905 517 divisibilis
945 490 982 517 et
1022 481 1287 527 indivisibilis,
1326 482 1526 530 possibilis
1567 491 1604 518 et
1641 481 1915 530 impossibilis.

331 547 473 574 Λῃοῐιιοιἱ
493 554 561 573 case
657 540 765 575 Alius
798 552 921 577 casus.
958 541 1067 576 Pono
1103 541 1211 588 quod
1235 542 1373 576 Petrus
1406 539 1644 576 incendatur
1677 540 1717 576 in
1751 539 1917 576 caritate

323 586 392 617 put:
414 586 474 608 two
496 590 565 608 meu
659 598 664 604 .
781 597 787 602 .
942 611 951 616 ,
1146 597 1152 603 .
1741 598 1748 604 .
1800 597 1807 603 .
1831 597 1837 603 .

352 617 464 651 during
483 624 541 643 one
599 598 853 635 uniformlter
881 610 944 645 pei
982 606 1110 634 totam
1144 607 1261 635 istam
1296 600 1438 635 horam
1473 607 1509 634 et
1540 599 1685 634 Paulus
1719 598 1916 643 similiter,

308 651 388 678 honr
411 651 534 685 acquire
555 656 583 678 Μ
599 655 749 693 scilicet
798 668 820 692 a
864 668 936 691 non
980 657 1114 706 gradu
1153 668 1280 705 usque
1319 658 1368 693 ad
1417 657 1585 704 gradum
1619 659 1667 704 133
1715 655 1768 692 ita
1809 656 1917 704 quod

318 688 368 713 the
390 694 473 712 same
494 690 567 720 rate,

368 729 383 747 a
405 720 517 747 certain
599 716 738 751 Petrus
761 713 1000 750 incendatur
1033 714 1073 750 in
1105 714 1272 751 caritate
1305 727 1431 763 usque
1465 716 1514 751 ad
1538 714 1658 751 finem
1684 714 1797 751 istius
1821 715 1917 750 hore

355 759 486 782 amount
506 756 540 782 of
735 773 741 779 .
857 772 863 777 .
1206 773 1212 778 .
1318 773 1324 778 .
1471 772 1477 778 .
1512 772 1518 778 .
1566 772 1572 778 .

319 791 452 817 charitv:
474 791 571 817 attho
599 773 810 819 exclu31ve3
835 784 890 808 sic
914 774 1022 820 quod
1047 786 1119 820 pro
1143 774 1286 809 ultlmo
1316 781 1480 809 instanti
1510 782 1622 809 istius
1652 774 1749 809 hore
1778 775 1917 809 Petrus

308 820 583 887 Εῑὲῇεθὲὶῖὲζθὲζξὲπ
598 831 647 867 sit
671 839 865 877 mortuus,
892 839 930 866 et
951 832 1059 879 quod
1075 832 1223 868 Paulus
1238 831 1344 868 vivat
1364 844 1438 879 pro
1460 831 1528 867 illo
1553 830 1731 868 instanti.
1759 831 1914 867 Admit-

342 895 391 921 the
412 895 500 922 othei·
520 895 545 922 is
598 898 718 937 tatur,
755 899 850 926 tune
878 898 1151 937 proponatur:
1198 892 1336 926 Petrus
1377 889 1450 925 erit
1488 889 1543 926 ita
1581 889 1779 937 perfectus
1812 889 1914 925 sicut

354 930 536 991 Eafiiiviesas
598 949 756 985 Paulus.
793 947 833 984 Si
859 948 1112 984 conceditur:
1148 957 1284 984 contra
1309 950 1447 984 Petrus
1471 947 1642 996 acquirit
1666 960 1804 984 omnes
1829 960 1916 996 gra-

317 1000 493 1067 Offii'gsefftbffi
514 1000 571 1061 Qec
598 1007 670 1042 dus
702 1005 926 1043 latitudinis
960 1005 1150 1051 caritatis,
1186 1019 1207 1042 a
1239 1019 1321 1043 non
1354 1007 1480 1054 gradu
1513 1018 1639 1054 usque
1673 1008 1722 1042 ad
1746 1007 1912 1054 gradum

387 1070 443 1116 licis
461 1074 514 1096 not
598 1073 640 1100 ut
672 1074 776 1111 octo,
812 1073 849 1101 et
880 1077 962 1100 non
995 1064 1168 1113 acquirit
1201 1066 1368 1112 gradum
1402 1073 1445 1100 ut
1479 1064 1638 1109 decenn
1672 1065 1740 1101 sed
1770 1065 1915 1101 Paulus

325 1104 559 1174 Ξξξῃέὲὲῗθζιξῑ
598 1122 770 1171 acquirit
786 1124 955 1171 gradum
979 1132 1022 1158 ut
1045 1132 1150 1168 octo,
1176 1131 1212 1158 et
1235 1134 1396 1158 ornnem
1421 1123 1589 1170 gradum
1615 1122 1792 1159 caritatis
1816 1122 1916 1159 citra

306 1175 766 1236 Ἧῇὲᾶᾗξέῃέξὲἓιῖἕςῑειάιιῑῃ
791 1190 833 1217 ut
858 1181 924 1227 803
959 1193 1067 1229 ergo,
1103 1181 1249 1217 Paulus
1274 1180 1348 1217 erit
1370 1180 1591 1229 perfeccior
1615 1194 1734 1228 quam
1762 1182 1914 1219 Petrus.

334 1244 552 1283 has-acquired
598 1239 637 1275 Si
670 1248 839 1287 negatur
872 1240 996 1287 <quod
1030 1241 1169 1275 Petrus
1204 1238 1276 1275 erit
1310 1239 1364 1275 ita
1388 1239 1586 1286 perfectus
1620 1239 1721 1275 sicut
1755 1239 1914 1284 Paulus)

326 1279 572 1346 Sffiaflnfqiffiffiffif,
597 1299 791 1344 probatur
817 1298 889 1333 hec
922 1297 996 1334 sic:
1032 1298 1179 1333 Paulus
1211 1310 1291 1333 non
1325 1297 1496 1345 acquirit
1528 1298 1633 1333 ultra
1665 1306 1793 1334 totam
1826 1297 1915 1333 lati-

333 1349 498 1410 Cssu‘ssfflffi'}
520 1392 558 1410 no
596 1355 774 1391 tudinem
810 1355 1048 1403 acquisitam
1084 1368 1106 1391 a
1140 1357 1268 1401 Petro,
1302 1355 1377 1391 nisi
1410 1354 1572 1391 unicum
1608 1357 1777 1403 gradum
1813 1354 1915 1391 indi-

355 1419 527 1445 difference.
596 1413 811 1460 visibilem3
845 1415 913 1449 sed
946 1415 1102 1449 nullum
1136 1412 1377 1450 indivisibile
1401 1414 1583 1449 additum
1609 1413 1797 1450 divisibili
1822 1413 1915 1450 facit

595 1480 724 1507 totum
760 1471 889 1507 maius
912 1473 971 1508 vel
997 1471 1148 1508 minus:
1183 1484 1276 1520 ergo
1302 1472 1449 1507 Paulus
1483 1485 1563 1508 non
1598 1472 1670 1508 erit
1692 1471 1915 1519 perfeccior

597 1542 719 1577 quam
756 1532 908 1566 Petrus.

669 1687 705 1715 13.
726 1688 825 1714 latinia
912 1696 954 1722 14-
976 1688 1107 1715 diceudo
1125 1696 1186 1723 pro
1207 1688 1322 1715 decem.

672 1782 721 1811 12,
754 1773 802 1805 13⁷.
831 1772 974 1803 Gradus
1005 1772 1215 1804 latitudinis.
1254 1772 1329 1804 The
1363 1782 1459 1804 same
1492 1773 1691 1814 expression
1726 1784 1849 1805 occurs
1881 1775 1913 1805 in

600 1819 652 1850 De
681 1819 908 1858 Blasplzemia
943 1829 1040 1858 once,
1078 1820 1143 1850 and
1178 1829 1281 1862 many
1307 1820 1409 1851 times
1437 1820 1467 1850 in
1496 1820 1653 1861 Logicae
1682 1821 1913 1853 Continuatio

597 1865 745 1896 without
783 1875 848 1907 any
891 1865 1139 1897 abbreviation.
1189 1867 1216 1897 It
1253 1867 1281 1896 is
1320 1866 1524 1907 impossible
1568 1874 1603 1897 to
1650 1877 1805 1909 suppose
1842 1866 1914 1898 that

597 1911 654 1942 the
681 1913 775 1943 MSS.
803 1921 859 1942 are
886 1922 1009 1953 wrong
1037 1922 1139 1955 every
1166 1912 1293 1952 where,
1327 1913 1393 1943 and
1420 1919 1456 1943 to
1483 1913 1667 1944 substitute
1693 1913 1913 1952 altitudinis,-

597 1958 664 1988 this
684 1959 814 1997 would,
832 1958 1008 1998 however,
1029 1959 1071 1989 be
1091 1969 1109 1989 a
1128 1969 1224 1990 more
1244 1959 1547 2000 comprehensible
1566 1966 1664 1991 term.
1743 1970 1792 2000 14.
1816 1959 1914 1992 Octo.

598 2005 607 2035 Ι
635 2004 723 2035 have
751 2006 939 2047 purposely
961 2005 1021 2036 left
1046 2004 1103 2036 the
1130 2006 1294 2037 numbers
1321 2016 1357 2036 as
1383 2005 1464 2048 they
1491 2006 1590 2036 stand
1618 2006 1750 2048 though
1779 2007 1790 2037 I
1815 2006 1912 2037 think

597 2051 669 2082 that
696 2052 738 2082 all
767 2050 877 2092 ought
903 2059 937 2082 to
964 2052 1006 2083 be
1034 2051 1142 2082 either
1167 2056 1245 2084 octo
1272 2063 1312 2083 or
1338 2052 1467 2085 decem.

1935 544 1951 576 5

1938 843 1975 864 10

1937 1125 1973 1157 15

1932 1425 1973 1446 20
