2132 3319
272 272 320 308 36

292 988 394 1016 There
414 996 463 1015 are
486 994 515 1021 19

326 1023 435 1050 modes
455 1022 489 1049 of

320 1058 492 1094 syllogismi,

303 1093 454 1120 classified
475 1092 504 1119 iu

292 1129 375 1155 three
396 1128 518 1163 figures.

278 1165 305 1190 A
326 1163 417 1190 mode
438 1162 463 1189 is
484 1162 534 1189 the

268 1197 486 1225 clussification
514 1197 547 1223 οῖ’

298 1233 457 1268 syllogismi
481 1233 518 1267 by

269 1270 360 1295 order
381 1268 543 1299 ofte1<ms;

309 1312 324 1330 a
347 1304 449 1337 figure,
472 1302 508 1338 by

332 1337 424 1365 order
444 1337 478 1364 of

347 1373 465 1400 modes.

318 1407 495 1435 Mnemonic

363 1443 451 1470 lint-s.

314 1631 345 1657 In
368 1631 418 1657 the
440 1630 504 1656 first

323 1666 418 1700 figure
438 1666 488 1691 the

278 1701 392 1728 middle
412 1705 490 1727 term
511 1700 537 1726 is

288 1736 407 1770 subject
427 1735 455 1761 in
477 1735 527 1762 the

286 1772 404 1803 minor;
426 1770 455 1796 in
478 1771 527 1796 the

354 1805 462 1839 major,

271 1840 425 1875 predicate
437 1850 442 1866 z
454 1840 483 1867 in
497 1840 545 1866 the

279 1876 336 1909 2¹¹³,
357 1875 379 1902 it
399 1875 424 1901 is
445 1874 534 1901 twice

295 1910 465 1944 predicate;
488 1909 517 1936 in

295 1945 344 1972 the
365 1944 417 1973 ΒΜ,
439 1945 527 1971 twice

349 1980 474 2013 subject.

302 2503 468 2537 Exanimes
489 2503 526 2529 of

297 2538 473 2573 syllogismis
496 2537 524 2564 in

332 2573 436 2604 Darii,
459 2573 488 2598 iu

286 2608 481 2642 Baralt'pton,
504 2607 533 2634 i11

353 2642 477 2669 Cesare.

994 278 1219 310 JOHANNIS
1244 278 1432 309 WYCLIF
1712 275 1801 303 CAP.
1823 276 1873 302 XI.

558 387 680 423 omnis
704 387 811 422 Deus
843 394 898 422 est
930 394 1096 432 eternus,
1131 398 1241 422 Omne
1272 387 1485 422 increatum
1519 394 1575 422 est
1606 387 1734 422 Deus:
1767 399 1874 434 ergo,

559 457 669 480 omne
712 444 925 480 increatum
970 452 1026 480 est
1072 452 1266 487 eternzmz;
1309 444 1349 480 in
1394 444 1470 480 isto
1508 445 1740 492 syllogismo
1785 454 1876 481 sunt

558 512 637 538 tres
667 502 992 550 proposiciones:
1033 503 1199 548 scilicet,
1246 505 1322 538 due
1357 502 1549 550 premisse
1595 513 1631 539 et
1670 516 1750 539 una
1784 516 1877 539 con-

559 560 704 605 clusi03
754 562 829 597 due
863 561 1059 609 premisse
1093 570 1184 596 sunt
1231 561 1297 596 ille
1342 563 1418 597 due
1453 561 1755 608 proposiciones
1800 574 1876 609 que

558 620 780 667 precedunt
804 621 907 655 hanc
931 628 1083 664 notam,
1118 631 1238 669 erg05
1270 628 1305 655 et
1331 619 1536 655 conclusio
1561 629 1618 655 est
1645 619 1876 667 proposicio

558 690 727 725 sequens
761 679 864 713 hanc
897 687 1049 722 notam,
1085 690 1195 727 ergo.
1243 679 1284 713 In
1318 677 1394 713 isto
1434 679 1611 714 secundo
1644 677 1876 725 syllogismo

558 745 648 771 sunt
682 745 761 772 tres
795 735 970 781 termini,
1017 735 1170 772 scilicet
1216 735 1301 771 isti:
1348 736 1467 775 Deus,
1513 744 1702 781 eternum,
1745 745 1782 771 et
1819 737 1876 771 in-

558 802 757 839 creatum;
803 803 840 830 et
873 794 945 830 iste
978 794 1186 839 terminus,
1220 793 1344 840 Deus,
1388 803 1445 830 est
1477 794 1633 829 medius
1666 793 1875 839 terminus,

560 861 597 888 et
630 852 703 887 iste
737 852 946 897 terminus,
981 860 1147 898 eternus,
1193 861 1250 887 est
1284 851 1414 888 maior
1446 852 1689 897 extremitas,
1736 861 1774 888 et
1806 852 1876 888 iste

558 910 754 946 terminus
788 911 996 956 increatus,
1030 920 1087 947 est
1120 910 1252 946 minor
1286 910 1526 946 extremitas.

617 970 664 1003 Et
696 969 903 1004 sciendum
939 971 1046 1017 quod
1081 971 1219 1005 decem
1254 978 1291 1004 et
1325 981 1468 1004 novem
1504 977 1594 1004 sunt
1625 968 1735 1005 modi
1759 969 1877 1016 syllo-

558 1027 800 1074 gismorum,
835 1036 872 1063 et
906 1037 985 1063 tres
1009 1036 1099 1063 sunt
1124 1027 1272 1074 figure,v
1297 1027 1336 1062 in
1361 1027 1505 1075 quibus
1529 1036 1620 1062 sunt
1643 1027 1876 1075 syllogismi.

561 1086 702 1120 Modus
737 1095 793 1121 cst
824 1085 959 1121 debita
992 1085 1201 1121 ordinacio
1234 1085 1357 1120 trium
1391 1084 1674 1131 terminorum,
1710 1097 1785 1133 que
1819 1098 1878 1121 re—

561 1143 778 1191 quiruntur
819 1145 867 1180 ad
902 1143 1201 1192 syllogismum3
1238 1143 1364 1191 figura
1400 1152 1458 1179 est
1492 1142 1627 1179 debita
1661 1143 1877 1191 disposicio

562 1203 788 1237 modorum.
838 1204 880 1237 In
920 1202 1052 1249 primo
1093 1202 1219 1248 figura
1254 1201 1515 1248 continentur
1560 1214 1705 1237 novem
1752 1201 1875 1247 modi,

561 1269 598 1295 et
636 1259 676 1295 in
715 1259 840 1295 tercia
874 1260 1002 1308 figura
1036 1260 1296 1296 continentur
1329 1272 1394 1296 sex
1428 1259 1551 1296 modi.
1588 1259 1767 1305 Quilibet
1801 1269 1878 1296 ter-

560 1318 692 1353 minus
724 1331 910 1354 versuum
945 1318 1221 1367 sequencium,
1256 1317 1323 1366 qui
1356 1317 1412 1354 sic
1445 1318 1662 1365 incipiunt:

618 1378 808 1421 Barbara,
845 1378 1035 1421 celarent,
1070 1376 1184 1422 darii,
1219 1376 1332 1421 ferio,
1368 1376 1611 1424 baralipton,

618 1435 815 1481 Celantes,
850 1435 1009 1480 dabitis,
1043 1436 1238 1483 fapesmo,
1273 1434 1593 1479 frisesomorum,

620 1496 663 1528 2Π
704 1494 864 1535 Cesare,
900 1503 1130 1539 camestres,
1165 1493 1322 1538 festino,
1357 1494 1520 1538 baroco,
1560 1493 1601 1528 3³
1632 1494 1805 1541 dai-apti,

618 1552 827 1599 Felapton,
863 1551 1042 1597 disamis,
1078 1551 1209 1598 datisi,
1246 1553 1436 1597 bocardo,
1472 1551 1639 1591 fei-ison:

561 1609 731 1657 quilibet
776 1609 945 1645 istorum
992 1619 1161 1646 vocatur
1207 1611 1364 1646 modus.
1424 1612 1473 1646 Et
1518 1609 1725 1646 sciendum
1772 1611 1879 1657 quod

562 1667 717 1703 medius
751 1668 946 1704 terminus
980 1670 1097 1705 debet
1132 1668 1401 1704 diversimode
1447 1667 1627 1704 ordinari
1675 1668 1715 1703 in
1748 1667 1880 1715 prima

562 1726 700 1772 figura,
736 1736 772 1762 et
806 1726 844 1762 in
879 1729 1069 1774 secunda,
1105 1736 1141 1763 et
1174 1726 1213 1762 in
1235 1727 1372 1763 tercia.
1398 1728 1499 1762 Nam
1524 1726 1564 1762 in
1589 1726 1718 1774 prima
1752 1726 1879 1774 figura

563 1784 636 1820 erit
678 1785 832 1820 medius
879 1784 1075 1821 terminus
1121 1785 1344 1821 subiectum
1394 1785 1433 1820 in
1475 1784 1619 1821 maiori
1665 1794 1702 1821 et
1747 1784 1879 1832 predi-

562 1853 693 1878 catum
730 1843 768 1878 in
804 1843 962 1888 minori,
999 1853 1036 1879 et
1069 1844 1109 1879 in
1143 1845 1320 1880 secunda
1355 1843 1481 1891 figura
1515 1843 1587 1878 erit
1626 1842 1780 1879 medius
1803 1852 1880 1878 ter-

563 1900 692 1936 minus
726 1901 977 1948 predicatum
1013 1911 1094 1938 tam
1130 1901 1169 1937 in
1204 1901 1348 1938 maiori
1382 1914 1502 1949 quam
1538 1901 1578 1936 in
1613 1901 1777 1939 minori:
1812 1902 1880 1937 sed

560 1959 600 1994 in
634 1959 759 1995 tercia
793 1960 866 1996 erit
909 1960 1063 1996 medius
1110 1960 1308 1996 terminus
1354 1960 1579 1995 subiectum
1625 1959 1666 1995 in
1710 1968 1880 2008 utraque

561 2017 854 2064 proposicione.
892 2020 939 2054 Et
973 2027 1138 2066 propter
1172 2020 1245 2054 hoc
1280 2018 1443 2065 ponitur
1476 2017 1564 2053 talis
1597 2030 1752 2054 versus:

620 2076 710 2118 Sub,
740 2088 826 2124 pre,
862 2077 1013 2123 prima3
1042 2089 1117 2126 pre
1149 2077 1217 2120 his,
1251 2078 1447 2115 secunda:
1482 2075 1618 2122 tercia,
1654 2076 1708 2111 bis
1741 2076 1820 2111 sub.

619 2135 768 2169 Omnes
803 2134 912 2170 modi
945 2135 985 2170 in
1015 2135 1159 2182 quibus
1190 2135 1289 2170 fiunt
1321 2133 1541 2182 syllogismi
1573 2143 1740 2181 possunt
1774 2134 1881 2170 clare

561 2192 747 2239 cognosci
771 2205 841 2240 per
874 2205 1008 2229 versus
1042 2203 1271 2241 sequentes:
1296 2193 1493 2238 Barbara,
1523 2192 1716 2237 Celarent,
1751 2192 1880 2237 Darii,

562 2260 603 2285 ut
638 2263 772 2298 supra.
808 2252 855 2286 Et
889 2253 1113 2287 notandum
1158 2260 1214 2286 est
1264 2252 1372 2299 quod
1417 2250 1584 2298 quilibet
1629 2250 1881 2298 syllogismus

562 2308 602 2343 in
635 2308 771 2356 aliquo
816 2309 983 2345 istorum
1032 2311 1245 2345 modorum
1294 2309 1497 2345 concludit
1545 2309 1708 2354 directe,
1748 2318 1882 2357 preter

563 2366 756 2414 quinque,
792 2367 859 2415 qui
893 2376 983 2403 sunt
1016 2367 1055 2403 in
1089 2367 1173 2403 istis
1206 2367 1404 2404 versibus:

622 2426 772 2460 Omnes
806 2425 955 2462 directe
989 2426 1253 2470 concludunt3
1289 2425 1423 2473 excipe
1457 2425 1654 2473 quinque;

622 2483 796 2518 Nomina
829 2493 919 2519 sunt
953 2497 1139 2532 quorum,
1186 2485 1294 2519 bara.
1329 2496 1381 2529 ce,
1415 2484 1478 2527 da,
1500 2484 1821 2532 frisesomorum.

621 2543 661 2576 ln
692 2541 972 2588 predicacione
1006 2541 1157 2578 directa
1188 2542 1243 2578 sic
1279 2542 1321 2577 fit
1353 2541 1607 2589 syllogismus
1647 2541 1686 2576 in
1722 2537 1878 2593 Darii:‡

569 2599 703 2635 Omnis
736 2600 879 2635 caritas
903 2608 958 2636 est
983 2601 1126 2645 virtzcs,·
1158 2601 1286 2648 aliqua
1313 2600 1469 2636 dileccio
1494 2607 1549 2636 est
1572 2599 1739 2635 caritas:
1774 2611 1881 2646 ergo,

635 2776 671 2796 12.
694 2769 871 2805 synonymi.
947 2772 986 2796 10.
1010 2769 1073 2796 ch'
1091 2777 1151 2804 pro
1173 2775 1211 2796 et.

639 2852 688 2884 18.
716 2853 943 2893 Baralipton,
981 2854 1155 2891 Celanres,
1194 2854 1348 2890 Dabitis,
1386 2855 1572 2892 Fapesmo,
1598 2854 1881 2885 Frisesomorum

565 2910 621 2931 are
648 2901 852 2932 considered
881 2900 925 2942 by
952 2901 1096 2931 modern
1126 2901 1292 2942 logie-iaus
1319 2907 1352 2931 to
1380 2901 1480 2932 make
1507 2910 1525 2931 a
1552 2899 1665 2931 fourth
1693 2898 1813 2941 figure.

1900 923 1937 943 10

1900 1202 1936 1234 15

1897 1505 1939 1526 20
