2132 3319
211 218 300 246 CAP.
321 217 372 245 ix.
790 217 975 249 LOGICA.
1744 209 1814 244 133

211 328 288 364 Sed
336 326 392 362 sic
438 325 566 361 dicto:
620 331 767 359 tantum
816 324 928 359 homo
981 336 1053 359 non
1106 324 1243 370 currit,
1296 323 1529 371 implicatur

171 422 173 424 ,
211 397 370 421 cursum
405 381 600 419 removeri
634 382 682 417 ab
721 380 895 427 homine,
941 389 978 416 et
1016 381 1181 417 attribui
1221 381 1383 417 cuilibet
1416 383 1529 430 quod

211 451 268 479 est
306 454 387 478 non
429 441 564 477 homo.
611 440 659 475 Et
698 451 742 474 ex
783 439 858 475 hoc
896 447 1004 486 patet
1037 440 1144 487 quod
1184 438 1361 487 quelibet
1394 439 1528 476 huius·
1555 445 1579 471 It
1600 444 1722 471 follows
1743 445 1806 472 that

211 499 319 536 modi
374 497 573 535 exclusiva
623 496 807 544 negativa
853 497 900 532 de
951 497 1130 533 subiecto
1182 496 1367 545 positivo,
1417 497 1528 534 cuius
1567 479 1793 549 ῃρξὲιῃῗξξὴῃε

178 558 332 594 §totale
362 555 611 605 predicatum
646 567 726 591 non
756 563 813 591 est
836 556 1135 601 transcendens,
1172 563 1230 591 est
1252 554 1525 603 impossibilis,
1589 549 1773 610 ¹{Effffisffllee

209 615 311 651 sicut
349 613 525 662 quelibet
557 612 661 659 talis,
702 612 813 649 cuius
853 612 1105 660 predicatum
1145 621 1202 648 est
1241 614 1528 650 transcendens
1543 618 1698 653 predicate
1720 619 1745 645 is
1767 623 1820 645 not

210 682 247 709 et
289 671 479 720 primarie
523 670 794 718 significatum
834 669 1002 706 subiecti
1042 683 1123 707 non
1162 679 1293 718 potest
1327 683 1423 717 esse,
1471 680 1528 708 est
1551 653 1819 722 affintffeefflfflgct

209 729 448 767 necessaria.
498 728 734 777 Exemplum
768 728 898 776 prime
930 728 1074 776 partis:
1109 729 1181 765 hec
1214 737 1305 764 sunt
1339 722 1818 792 ἱῐηροεεὶ-Ιξζοξξξὲῗςζῆνῗιὲξ]

209 787 318 833 bilia,
362 795 508 823 tantum
555 787 668 822 homo
718 798 791 822 non
840 786 978 832 currit,
1029 793 1176 822 tantum
1231 786 1401 823 chimera
1454 799 1526 823 non
1547 793 1819 854 trffiaffigggcgetgtis

157 859 194 880 10
210 846 322 883 videt.
369 847 418 881 Et
450 845 522 881 hec
555 853 646 880 sunt
677 843 916 890 necessaria,
955 851 1101 879 tantum
1142 843 1313 880 chimera
1353 857 1425 880 non
1459 852 1527 891 est,
1551 861 1609 888 and
1631 862 1681 889 the
1702 861 1821 896 subject

209 911 356 940 tantum
389 910 616 952 corruptum
651 913 723 938 non
756 909 824 949 est,
859 910 947 948 etc.,
982 901 1095 938 sicud
1128 910 1239 950 patet
1273 914 1316 938 ex
1349 902 1430 938 suis
1464 914 1526 939 ex·
1583 896 1776 931 impossible.

209 960 466 1010 ponentibus.

266 1021 314 1055 Et
358 1018 579 1055 cavendum
627 1025 685 1053 est
729 1017 776 1053 de
829 1016 1175 1065 assignacionibus
1229 1017 1524 1066 exponencium
1594 1022 1661 1063 The
1682 1032 1766 1051 same

207 1077 350 1114 talium
384 1075 687 1122 exclusivarum,
721 1074 823 1112 sicut
856 1074 1007 1111 dictum
1043 1084 1100 1112 est
1123 1076 1171 1112 de
1204 1075 1527 1124 exposicionibus
1555 1060 1809 1128 ⁸}{¹{<¹{¹t},‘{¹2}{et¹j¹s³1¹t

154 1137 191 1169 15
208 1134 496 1172 exclusivarum
556 1132 904 1179 affirmativarum,
964 1133 1124 1170 racione
1186 1133 1302 1182 signi,
1365 1129 1819 1191 racioneezffiffissffffgtgffiee

207 1191 391 1240 subiecti,
424 1191 587 1229 racione
619 1191 741 1237 verbi,
776 1199 813 1227 et
846 1191 1008 1228 racione
1040 1191 1249 1240 predicati.
1573 1198 1656 1233 place
1676 1199 1794 1237 forme

266 1250 441 1287 Racione
488 1248 609 1297 signi3
654 1257 699 1287 ut
745 1248 827 1286 hic:
872 1250 978 1286 solus
1023 1250 1135 1286 homo
1185 1263 1257 1286 non
1306 1250 1435 1299 differt
1481 1250 1527 1286 ab
1587 1237 1783 1302 p?§§3}}{'i⁶³on

207 1309 358 1345 homine
396 1308 587 1344 masculo:
633 1307 744 1343 cuius
783 1306 991 1355 preiacens
1036 1307 1110 1344 erit
1149 1308 1253 1354 talis,
1301 1309 1413 1344 homo
1453 1320 1526 1344 non
1646 1307 1709 1330 too.

208 1367 338 1416 differt
360 1367 405 1402 ab
425 1365 577 1402 homine
599 1365 783 1411 masculo,
807 1374 973 1414 propter
998 1365 1300 1402 restriccionem
1326 1365 1525 1404 adiectivi.
1543 1348 1817 1419 νῖῑζθῑῗὲἐᾏῃᾟξῖς

151 1437 192 1458 20
266 1424 442 1461 Racione
475 1422 657 1472 subiecti,
690 1432 733 1459 ut
766 1423 847 1460 hic:
882 1431 1029 1459 tantum
1054 1432 1221 1472 quatuor
1254 1424 1422 1460 chimere
1454 1436 1526 1460 non
1541 1417 1817 1481 ¹¹¹{Osss112jissfttfflay

206 1489 305 1529 sunt,
345 1494 422 1530 que
461 1482 578 1518 debet
619 1481 674 1517 sic
714 1481 876 1529 exponi:
922 1489 1088 1530 quatuor
1120 1483 1289 1518 chimera
1321 1494 1393 1518 non
1425 1489 1527 1528 sunt,
1542 1487 1609 1514 idea
1630 1489 1817 1524 ofnumber,

207 1549 241 1576 et
280 1540 406 1576 omnia
446 1540 566 1589 plura
607 1547 773 1588 quatuor
810 1539 992 1575 chimeris
1028 1547 1137 1575 sunt:
1179 1541 1252 1585 vel,
1299 1539 1329 1576 si
1369 1539 1527 1576 dicatur
1559 1522 1806 1594 effiffiunssffie‘dbssy

207 1599 314 1647 quod
348 1596 549 1645 exposicio
584 1596 717 1644 gracia
750 1597 992 1645 pluralitatis
1034 1606 1090 1634 est
1124 1607 1257 1645 preter
1288 1598 1367 1634 vim
1401 1597 1511 1634 vocis
1566 1599 1671 1618 means
1693 1594 1795 1620 ofthe

1517 1627 1525 1643 7
1570 1634 1597 1651 χ’
1740 1636 1747 1641 -
1778 1639 1784 1643 .

208 1669 296 1693 cum
332 1654 505 1692 excludit
537 1667 750 1691 numerum
787 1655 981 1692 maiorem
1017 1664 1054 1692 et
1086 1668 1167 1692 non
1202 1655 1413 1701 minorem,
1448 1655 1523 1692 dici
1552 1627 1806 1696 Osxgrsduaegfflffif

151 1716 190 1747 25
207 1723 339 1762 potest
360 1713 639 1750 universaliter
662 1713 866 1761 loquendo
882 1714 991 1761 quod
1015 1713 1236 1761 capiendus
1260 1723 1317 1750 est
1333 1713 1526 1751 terminus
1558 1697 1741 1759 constihtfl'essaeff
1764 1737 1794 1759 to

208 1771 388 1808 infinitus
421 1770 630 1819 appositus
663 1771 842 1807 subiecto
882 1771 1137 1819 preiacentis,
1177 1781 1220 1808 ut
1254 1773 1523 1820 exemplatum
1599 1766 1765 1828 strszginnsetpe

208 1839 264 1866 est
298 1830 337 1866 in
364 1829 464 1867 aliis.
499 1831 550 1866 Ut
584 1829 657 1866 sic:
691 1830 817 1865 omnia
851 1842 924 1865 non
957 1833 1028 1874 4οΥ
1060 1830 1228 1866 chimere
1259 1838 1368 1875 sunt,·
1400 1840 1437 1867 et
1469 1829 1525 1866 sic

207 1887 383 1936 quelibet
416 1887 506 1924 talis
539 1887 736 1924 exclusiva
766 1889 814 1923 de
847 1888 1079 1923 huiusmodi
1113 1888 1294 1925 subiecto
1326 1888 1525 1925 numerali

208 1955 309 1982 esset
344 1945 568 1982 necessaria
602 1945 763 1982 racione
795 1945 918 1982 verbi.
953 1948 1034 1982 Nec
1064 1946 1146 1982 hic:
1183 1954 1329 1982 tantum
1354 1947 1526 1983 chimera
1575 1952 1604 1979 If
1620 1953 1670 1980 the
1691 1954 1777 1981 word

151 2007 192 2039 30
208 2017 278 2040 non
298 2011 424 2054 potest
448 2016 539 2050 esse,
574 2016 651 2051 que
684 2004 739 2040 sic
773 2005 889 2040 debet
914 2003 1068 2052 exponi,
1103 2005 1274 2040 chimera
1304 2017 1378 2041 non
1397 2012 1526 2054 potest
1552 1988 1804 2050 otlze2·sst]2{2nused‚

207 2075 299 2105 6336,
338 2070 372 2098 et
405 2062 598 2111 quodlibet
630 2074 702 2097 non
736 2063 907 2098 chimera
942 2070 1069 2111 potest
1102 2075 1194 2099 6336.
1241 2064 1367 2109 Unde,
1408 2076 1525 2112 expo-
1566 2058 1793 2120 5,Ἇῆῐὲζὲξὶῑὲὣὲ

205 2128 344 2156 nentes
388 2120 507 2156 talem
555 2119 780 2167 negativam
830 2133 901 2168 per
952 2120 1069 2156 istum
1120 2120 1352 2167 terminum,
1405 2122 1525 2167 aliud,
1570 2128 1732 2167 otherwise
1752 2129 1788 2155 be

207 2178 345 2214 dicunt
397 2190 558 2214 omnem
614 2178 735 2214 talem
790 2190 875 2214 esse
920 2178 1225 2226 impossibilem,
1279 2192 1399 2227 quam
1453 2192 1525 2216 nos
1588 2164 1780 2225 mbssssffsffsse'

208 2236 378 2272 dicimus
412 2248 496 2271 esse
528 2236 811 2272 necessariam.
845 2238 1006 2283 Ymmo,
1040 2236 1178 2273 dicunt
1201 2238 1309 2285 quod
1343 2237 1526 2286 impossi-
1595 2240 1768 2269 necessary.

151 2293 283 2330 35bile
316 2303 373 2330 est
397 2294 504 2342 quod
537 2301 683 2329 tantum
718 2306 790 2330 non
823 2307 888 2330 ens
920 2307 992 2330 non
1026 2303 1093 2341 est,
1127 2308 1217 2331 cum
1248 2304 1385 2332 tamen
1418 2308 1528 2332 omne

207 2353 307 2400 quod
345 2364 417 2388 non
462 2359 517 2387 est
555 2365 628 2388 non
667 2360 734 2396 est,
779 2352 881 2388 sicut
920 2361 1029 2400 patet
1069 2365 1113 2389 ex
1151 2366 1222 2389 suo
1262 2353 1527 2400 convertibili,

207 2409 388 2457 quamvis
421 2409 545 2446 nichil
579 2423 657 2446 non
691 2410 752 2447 sit.
794 2412 848 2446 Ex
881 2410 991 2447 omni
1033 2411 1137 2446 enim
1174 2411 1387 2448 universali
1422 2412 1527 2448 affir-

208 2468 354 2503 mativa
379 2468 426 2503 de
451 2467 601 2515 duplici
626 2468 849 2515 predicato,
874 2481 1046 2517 quorum
1073 2469 1249 2517 primum
1274 2470 1323 2505 sit
1345 2470 1527 2518 superius

278 2678 304 2705 2,
319 2668 343 2696 3.
360 2670 442 2705 quod
459 2675 503 2698 est
518 2671 525 2698 1
542 2679 602 2698 non
620 2671 652 2698 B.
726 2680 754 2705 4.
773 2671 878 2707 posivo
894 2674 931 2699 A.
1010 2674 1033 2701 5.
1056 2673 1250 2709 impossibile
1271 2675 1308 2701 A.
1383 2683 1408 2709 7.
1431 2680 1474 2701 est
1496 2676 1526 2702 in

207 2737 309 2765 marg.
331 2730 368 2755 A.
444 2738 477 2756 11.
499 2729 594 2756 eciam
618 2729 656 2761 ὃς
678 2734 705 2755 et
726 2731 764 2756 A.
840 2729 882 2757 23.
905 2725 958 2765 gffi
980 2717 1029 2758 m'lf
1048 2733 1086 2759 A.
1166 2740 1212 2765 24.
1236 2732 1265 2759 dt
1287 2723 1323 2767 Bt
1346 2734 1390 2767 Α;
1412 2733 1470 2760 dici
1493 2733 1526 2759 B.

208 2772 250 2801 32.
273 2774 465 2808 predicatum
492 2783 554 2810 pro
607 2783 638 2801 er
667 2775 758 2802 istum
782 2775 813 2802 B.
924 2768 1234 2804 33f'c'imclusionem
1259 2786 1320 2812 pro
1346 2786 1470 2805 omnem
1493 2777 1526 2805 Β.

207 2808 249 2835 35.
271 2814 316 2847 est
337 2807 446 2871 hefft-e
466 2810 549 2844 quod
593 2813 655 2836 6631
675 2809 709 2835 B.
806 2809 849 2845 37.
873 2811 911 2838 sit
933 2819 993 2838 non
1016 2812 1048 2838 B.
1147 2811 1190 2839 38.
1213 2813 1412 2840 communius
1432 2813 1529 2840 above

208 2852 351 2878 superius
407 2865 412 2870 .
