2132 3319
751 757 1099 808 CAPITULUM
1140 756 1753 806 DECIMUMSECUNDUM.

312 884 356 912 Of
372 884 509 912 Possible
529 887 559 911 to
647 875 837 924 Sequitur
860 876 908 912 de
941 874 1029 911 aliis
1062 874 1270 923 speciebus
1304 872 1525 910 modalium
1559 873 1904 921 pertractandum,

329 919 463 982 Ρὶἒῇδῗέίὲ
482 919 536 980 221
589 935 744 970 duabus
783 933 986 982 prioribus
1027 931 1351 970 contradictoriis
1391 941 1427 968 et
1473 931 1597 968 eciam
1644 929 1906 967 subalternis:

322 989 546 1051 lssffibreii’nssivizlfe
588 992 741 1028 scilicet
785 992 1025 1042 contingenti
1069 991 1315 1041 affirmativo
1362 999 1398 1027 et
1437 990 1676 1040 contingenti
1712 989 1906 1040 negativa

526 1032 544 1059 y

371 1059 503 1097 andihe
588 1050 665 1088 Ubi
710 1050 842 1099 primo
888 1050 1096 1087 sciendum
1143 1050 1250 1098 quod
1295 1048 1368 1085 iste
1413 1047 1622 1094 terminus,
1668 1047 1908 1097 contingens,

337 1094 536 1163 ἒξξῗῇζξξῇῑ
587 1117 718 1157 potest
743 1110 985 1157 quandoque
1014 1107 1120 1145 sumi
1145 1107 1359 1144 modaliter
1389 1115 1425 1143 et
1449 1107 1694 1155 quandoque
1723 1105 1909 1142 nomina-

316 1162 507 1234 Coniisqfflzt
526 1198 552 1225 is
588 1167 688 1203 liter.
726 1166 939 1203 Modaliter
964 1168 1140 1215 quando,
1175 1178 1246 1214 per
1277 1165 1383 1202 viam
1415 1163 1794 1201 circumlocucionis
1818 1176 1908 1200 cum

346 1234 435 1260 taken
458 1241 490 1260 as
512 1242 547 1272 a,
588 1226 710 1262 verbo
743 1225 1008 1271 substantivo,
1042 1225 1173 1273 suplet
1204 1224 1332 1261 vicem
1365 1223 1456 1260 talis
1489 1222 1790 1272 impersonalis:
1824 1234 1910 1258 con-

306 1268 562 1330 Ϊέοοῃάῖῗᾏέῗέξξᾎῗ
590 1284 717 1335 tingit,
751 1284 812 1320 vel
840 1291 968 1333 potest
1001 1296 1093 1320 esse.
1143 1285 1192 1318 Et
1224 1282 1281 1319 sic
1313 1281 1546 1331 proposicio
1580 1282 1628 1318 de
1662 1279 1910 1328 contingenti

308 1338 563 1400 issqtgalttlssgnate
590 1341 834 1378 affirmativo
880 1342 1182 1378 subalternatur
1243 1340 1520 1389 proposicioni
1583 1341 1631 1376 de
1683 1338 1912 1376 necessario

315 1407 563 1447 corresponding
590 1400 843 1447 affirmative,
868 1410 904 1437 et
927 1410 1091 1437 econtra
1115 1399 1212 1436 dicit
1230 1398 1559 1448 proposicionem
1586 1400 1633 1434 de
1657 1396 1910 1446 impossibili.

326 1448 540 1513 prfffsf'ssffiffgs
591 1461 643 1496 Ut
666 1458 891 1495 formaliter
923 1459 1123 1507 sequitur3
1158 1470 1309 1494 necesse
1341 1465 1396 1494 est
1425 1458 1535 1493 deum
1569 1469 1662 1500 esse,
1695 1468 1793 1507 ergo
1826 1467 1913 1492 con-

325 1513 557 1578 ἓᾞβῃίξςῗξὲἰίῑῐᾯζν
591 1518 719 1568 tingit,
760 1524 888 1566 potest
933 1530 1027 1564 6336,
1072 1518 1132 1554 vel
1176 1517 1403 1566 contingens
1436 1512 1440 1567 Ι
1470 1523 1526 1552 est
1573 1516 1685 1550 deum
1726 1526 1817 1550 esse.
1865 1514 1915 1549 Et

515 1569 549 1583 ''
592 1576 684 1612 huic
724 1575 967 1612 contradicit
1006 1577 1092 1622 hec,
1133 1575 1367 1624 impossibile
1405 1581 1460 1610 est
1498 1574 1611 1609 deum
1644 1585 1735 1609 esse.
1782 1574 1831 1608 Et
1864 1572 1914 1608 ad

593 1635 714 1671 istum
739 1646 899 1670 sensum
924 1633 1205 1670 universaliter
1228 1646 1272 1669 ex
1300 1632 1587 1681 proposicione
1617 1632 1664 1667 de
1687 1629 1915 1667 necessario

593 1692 775 1741 sequitur
813 1692 1045 1741 proposicio
1080 1693 1127 1728 de
1162 1691 1426 1740 contingenti7
1466 1699 1675 1739 tamquam
1711 1689 1785 1725 sibi
1825 1689 1915 1725 sub-

325 1758 377 1785 but
397 1763 450 1786 not
471 1759 559 1785 when
593 1752 806 1787 alternata.
842 1752 1098 1800 Quandoque
1130 1750 1302 1787 sumitur
1334 1748 1608 1794 nominaliter,
1643 1761 1716 1797 pro
1747 1747 1916 1784 veritate

350 1794 529 1856 takgguzsa
596 1822 672 1858 que
712 1818 769 1845 est
809 1818 846 1845 et
886 1818 1017 1857 potest
1056 1822 1136 1845 non
1176 1821 1278 1856 esse3
1325 1817 1387 1844 ut:
1437 1808 1663 1857 contingens
1709 1814 1764 1842 est
1804 1807 1914 1841 deum

594 1881 676 1904 esse
708 1880 863 1904 causam
898 1868 984 1913 mei,
1018 1867 1113 1916 quia
1147 1877 1204 1904 est
1234 1868 1343 1916 quod
1377 1868 1473 1902 deus
1507 1874 1565 1902 est
1597 1877 1718 1902 causa
1754 1864 1844 1910 mei,
1880 1872 1917 1900 et

594 1935 726 1974 potest
765 1938 846 1961 non
887 1938 970 1962 esse
1004 1927 1112 1974 quod
1152 1928 1250 1962 deus
1283 1925 1332 1961 sit
1372 1937 1493 1961 causa
1534 1923 1629 1970 mei3
1677 1932 1714 1960 et
1746 1922 1801 1959 sic
1834 1935 1916 1958 non

594 1985 894 2021 subalternatur
948 1984 1098 2020 modali
1152 1983 1272 2032 primi
1325 1983 1491 2029 ordinis,
1551 1994 1623 2019 nec
1677 1980 1917 2018 contradicit

597 2042 747 2079 modali
782 2038 816 2078 2i
850 2042 1015 2079 ordinis.

313 2108 487 2148 Divisiqns:
509 2108 574 2135 imo
655 2103 703 2137 Et
726 2101 867 2137 talium
899 2101 1226 2149 contingeneium
1257 2109 1314 2136 est
1338 2100 1481 2148 triplex
1510 2098 1666 2136 divisio.
1702 2099 1917 2144 Quoddam

322 2148 557 2214 bijliiaqzrci'gg'nzr
598 2159 704 2196 enim
740 2168 796 2195 est
830 2159 1068 2207 contingens
1101 2168 1256 2203 natum,
1291 2168 1328 2195 et
1357 2159 1563 2206 quoddam
1599 2156 1836 2204 contingens
1869 2156 1919 2192 ad

329 2213 562 2282 mffffle'i‘f’ffiffyf
597 2218 848 2254 utrumlibet.
903 2220 952 2253 Et
998 2217 1324 2265 contingencium
1374 2226 1560 2253 natorum
1611 2216 1817 2264 quoddam
1863 2222 1921 2250 est

324 2287 447 2319 nature,
467 2284 564 2310 either
598 2276 833 2324 contingens
867 2289 1025 2324 semper
1055 2286 1091 2313 et
1121 2277 1326 2325 quoddam
1362 2275 1599 2322 contingens
1630 2286 1712 2310 non
1747 2285 1917 2320 semper.

323 2320 566 2383 ἵζηζξῖζζῖεέἇεὲζ,
597 2336 645 2370 Et
683 2334 823 2370 talium
858 2336 1064 2383 quoddam
1106 2344 1163 2371 est
1203 2334 1438 2382 contingens
1477 2333 1517 2369 in
1560 2332 1702 2369 maiori
1737 2341 1850 2380 parte
1883 2339 1920 2367 et

306 2397 340 2416 or
361 2387 580 2425 infewcases.
598 2394 802 2441 quoddam
838 2393 1075 2442 contingens
1108 2394 1147 2429 in
1182 2392 1328 2429 minori
1362 2400 1488 2440 parte.

361 2458 522 2497 Wehmusi
656 2453 733 2487 Pro
772 2464 944 2499 quorum
986 2451 1234 2488 discussione
1272 2451 1566 2499 cognoscenda,
1607 2449 1738 2498 primo
1778 2457 1920 2485 notan-

338 2493 553 2568 prenigizfgffliat
599 2511 692 2545 dum
729 2512 835 2558 quod
870 2510 1100 2558 proposicio
1134 2510 1400 2546 determinate
1432 2521 1523 2546 vera
1556 2509 1615 2545 vel
1656 2506 1920 2544 determinate

342 2565 548 2599 proposition,

670 2711 689 2730 1.
712 2703 787 2738 Cap.
810 2703 894 2730 deest
912 2703 975 2729 AB.
1049 2709 1074 2729 2.
1096 2702 1203 2729 Initia!
1223 2703 1242 2730 S
1265 2703 1295 2729 in
1312 2703 1380 2729 blue
1394 2702 1448 2729 ink
1461 2702 1499 2729 A.
1574 2700 1599 2728 3.
1615 2709 1649 2728 ac
1661 2709 1721 2736 pro
1736 2705 1763 2728 et
1778 2700 1874 2728 eciam
1888 2701 1920 2728 B.

598 2746 627 2771 4.
650 2739 765 2765 scilicet
786 2739 822 2764 de
845 2738 883 2771 B?
906 2738 945 2764 ib.
968 2742 995 2764 et
1017 2738 1052 2764 de
1075 2738 1105 2764 Β.
1199 2736 1237 2771 13,
1261 2746 1301 2769 ¹4-
1323 2737 1359 2764 Et
1380 2752 1412 2756 —-
1433 2741 1462 2764 et
1483 2737 1519 2763 ad
1542 2736 1626 2763 deest
1647 2736 1678 2763 B.
1781 2737 1822 2763 16.
1846 2744 1918 2771 pro-

600 2773 719 2808 posicio
742 2773 798 2799 sibi
822 2773 853 2799 B.
928 2780 973 2799 20.
1019 2773 1066 2799 uia
1086 2781 1145 2807 pro
1166 2772 1249 2807 quod
1273 2772 1304 2798 B.
1380 2779 1419 2799 21.
1443 2772 1557 2806 prioris
1579 2772 1611 2798 B.
1693 2778 1740 2803 24.
1762 2771 1920 2806 quoddam

598 2813 643 2834 est
656 2808 687 2834 B.
763 2808 808 2834 26.
825 2813 855 2834 ut
871 2816 993 2842 semper
1018 2808 1045 2839 3;
1061 2808 1098 2834 ib.
1115 2808 1273 2842 quoddam
1291 2812 1335 2833 est
1354 2807 1385 2833 13.
1463 2815 1506 2841 27,
1520 2807 1564 2833 23.
1588 2811 1673 2841 parte
1695 2806 1781 2833 deest
1800 2807 1829 2833 in
1851 2807 1919 2833 both

595 2844 702 2877 places
724 2843 754 2869 13.
829 2841 873 2869 30.
897 2848 940 2869 est
963 2843 1043 2877 quod
1069 2842 1099 2868 Η.

1927 1051 1941 1083 5

1933 1354 1971 1374 10

1935 1635 1972 1666 15

1934 1935 1975 1956 20

1936 2218 1975 2249 25

1938 2511 1978 2543 30
