2132 3319
882 802 1228 853 CAPITULUM
1264 802 1518 850 SEXTUM.

595 922 656 957 Ad
701 921 1025 969 cognoscendum
1072 919 1386 968 repugnanciam
1420 919 1480 956 vel
1527 916 1857 955 contrarietatem

538 979 641 1016 inter
663 979 980 1028 proposieiones,
1005 987 1086 1015 tam
1111 977 1326 1026 singularis
1350 976 1508 1014 numeri
1533 990 1654 1026 quam
1677 974 1857 1023 pluralis,

539 1039 657 1074 datur
689 1037 779 1074 talis
814 1037 958 1086 figura:

560 1207 672 1235 Omnis
694 1208 850 1244 sapiencia
870 1216 886 1235 a

588 1255 718 1282 domino
740 1254 797 1283 deo
818 1259 863 1281 est

1523 1205 1614 1233 Nulla
1636 1205 1792 1240 sapiencia
1813 1213 1829 1231 a

1541 1252 1669 1281 domino
1691 1252 1748 1279 deo
1770 1255 1815 1278 est

1121 1322 1275 1350 contrarie

1532 1390 1624 1419 Nulla
1646 1399 1700 1426 per
1720 1391 1822 1426 ipsum

1594 1438 1673 1466 facta
1694 1442 1765 1465 sunt

565 1394 680 1422 Omnia
701 1402 754 1429 per
774 1394 877 1430 ipsum

638 1441 718 1468 facta
739 1444 809 1468 sunt

1584 1728 1611 1902 ouamluqus

1758 1724 1785 1899 ousaueqns

619 1727 646 1901 subalterne

793 1727 820 1901 subalterne

1521 2133 1635 2168 Aliqua
1656 2132 1812 2166 sapiencia
1833 2138 1848 2157 a

1537 2179 1666 2206 domino
1688 2178 1744 2206 deo
1766 2185 1826 2205 non

1661 2229 1706 2252 est

560 2162 673 2197 Aliqua
695 2163 851 2197 sapiencia
873 2172 887 2190 a

591 2209 719 2236 domino
741 2209 798 2237 deo
820 2215 865 2237 est

1099 2269 1315 2296 subcontrario

567 2337 682 2373 Aliqua
704 2346 758 2373 per
779 2338 883 2373 ipsum

647 2384 726 2411 facta
748 2390 819 2412 sunt

1522 2336 1636 2370 Aliqua
1658 2343 1711 2370 per
1732 2335 1836 2370 ipsum

1556 2383 1635 2410 facta
1658 2390 1718 2409 non
1741 2387 1811 2409 sunt

607 2542 683 2577 Lex
717 2550 753 2577 et
785 2550 930 2578 natura
963 2540 1258 2577 contrariarum
1293 2539 1382 2577 talis
1416 2548 1486 2579 est,
1521 2541 1628 2588 quod
1661 2539 1795 2576 sinna
1817 2539 1900 2576 sit5

546 2612 652 2645 vera,
686 2599 840 2648 reliqua
874 2598 947 2636 erit
979 2600 1091 2646 falsa,
1130 2608 1211 2635 tam
1246 2598 1285 2634 in
1317 2598 1499 2635 terminis
1532 2598 1867 2634 substancialibus

549 2671 669 2706 quam
709 2657 749 2693 in
788 2657 970 2694 terminis
1008 2657 1344 2697 accidentalibus:
1391 2666 1445 2703 ut,
1485 2657 1515 2692 si
1557 2658 1628 2692 hec
1667 2656 1717 2692 sit
1754 2669 1865 2692 vera:

549 2717 671 2752 omnis
707 2716 899 2765 sapiencia
936 2729 957 2751 α
997 2716 1150 2751 domino
1184 2717 1253 2751 deo
1286 2723 1354 2753 est.
1400 2716 1470 2751 hec
1510 2724 1567 2750 est
1606 2714 1722 2750 falsa:
1763 2715 1867 2750 nulla

622 2894 639 2912 ι.
663 2885 738 2919 Cap.
760 2886 852 2912 deest>
927 2885 949 2911 5.
971 2885 1074 2912 Inslz'al
1096 2884 1116 2911 1„
1139 2885 1168 2912 in
1191 2885 1246 2911 red
1266 2885 1327 2911 inlr.
