2132 3319
274 225 324 270 98
995 230 1218 262 JOHANNIS
1244 230 1429 261 WYCLIF
1717 228 1806 255 CAP.
1826 228 1878 255 w

570 338 703 374 Omnis
737 349 799 373 res
837 336 1093 387 z‘ntellz'gz'tur5
1137 336 1209 372 ista
1255 348 1317 372 res
1355 343 1410 372 est
1449 336 1727 387 intelligibilis:
1771 348 1880 384 ergo,

563 396 635 432 ista
668 407 731 431 res
763 394 1008 444 intelligitur.
1044 395 1092 429 Et
1125 393 1182 430 sic
1216 395 1263 430 de
1295 393 1489 442 preterito
1523 403 1560 431 et
1592 395 1741 430 futuro.

320 462 422 500 When
444 463 494 500 1119
621 454 790 499 Quarto,
836 451 993 489 accedit
1032 451 1207 488 variacio
1247 451 1526 500 principaliter
1564 452 1605 488 in
1647 452 1881 500 exponendo

279 497 540 567 §effigifftffffefiffgm
562 510 829 547 universalem
871 509 1155 547 affirmativam
1197 509 1358 546 racione
1397 510 1592 558 predicati
1637 509 1882 558 predicantis

300 565 523 628 stssssovegsbirtigssf
563 568 731 605 tercium
767 568 976 616 adiacens3
1011 576 1048 603 et
1071 569 1147 604 hoc
1171 567 1369 615 contingit
1391 576 1451 603 tot
1477 568 1606 604 modis
1631 577 1728 616 quot
1752 567 1882 604 modis
1903 572 1915 577 ⁷

315 609 394 675 ima}
416 637 492 663 have
563 626 716 662 dictum
752 635 809 663 est
842 625 1067 662 subiectum
1101 625 1261 662 variari.
1309 626 1562 674 Quandoque
1601 625 1706 662 enim
1750 626 1882 674 predi—

325 671 497 740 ff‘ffssgffiggtS,
563 693 698 721 catum
732 684 937 732 restringit
970 683 1208 729 subiectum,
1262 692 1306 720 ut
1346 684 1440 720 hec:
1496 683 1618 720 omnis
1666 685 1779 720 homo
1828 691 1883 720 est

301 740 517 810 fficeotrgginssdgestg’
563 743 685 790 albus,
731 744 840 790 quod
878 750 1036 779 tantum
1076 741 1194 787 valet,
1241 749 1437 789 quantum
1477 742 1583 778 valet
1621 741 1681 778 id:
1727 741 1882 790 quilibet

271 810 545 846 whichmayvary.
562 801 675 837 homo
708 807 765 836 est
795 801 918 847 albus,
964 799 1059 848 quia
1097 798 1283 847 negativa
1323 812 1537 847 exponenS,
1582 811 1659 848 que
1699 808 1756 836 est
1795 799 1881 836 illa:

561 870 635 894 non
668 864 723 894 est
755 858 868 894 homo
900 870 974 894 non
1006 858 1177 895 existens
1216 857 1326 893 albus
1365 870 1446 894 non
1486 857 1768 894 falsificaretur
1807 856 1883 893 nisi

562 928 635 964 pro
682 915 870 964 muliere3
916 917 985 953 sed
1029 917 1102 952 hec
1144 924 1202 953 est
1241 914 1482 963 incongrua:
1529 915 1670 952 mulier
1708 922 1764 951 est
1810 927 1882 951 non

562 973 733 1011 existens
770 974 893 1011 albus.
940 975 1032 1011 Ideo
1071 986 1145 1022 pro
1185 973 1439 1021 congruitate
1488 973 1593 1010 dicte
1637 972 1882 1010 universales

563 1040 865 1069 convertuntur.
891 1033 1147 1081 Quandoque
1170 1040 1304 1069 autem
1330 1032 1584 1080 predicatum
1610 1039 1668 1068 est
1689 1030 1883 1068 terminus

563 1090 846 1138 implicativus,
865 1090 977 1127 cuius
994 1090 1206 1127 relativum
1224 1099 1357 1138 potest
1380 1091 1527 1127 habere
1551 1089 1749 1127 diversam
1774 1098 1883 1126 ante-

298 1158 342 1185 Or
363 1157 412 1185 the
433 1165 522 1185 sense
564 1148 741 1185 cedentis
765 1149 1128 1186 construccionem.
1152 1150 1202 1185 Et
1224 1148 1264 1184 in
1287 1148 1434 1185 talibus
1458 1148 1574 1185 multi
1597 1147 1884 1197 appreciantur
1926 1150 1937 1154 ⁷

276 1192 548 1255 Wffeanyghrffaggve
564 1207 691 1243 multa
735 1206 986 1255 sophismata
1030 1219 1107 1256 que
1151 1206 1301 1243 iudicio
1354 1219 1444 1243 meo
1496 1215 1635 1243 tenent
1678 1205 1880 1242 infinitum

271 1263 548 1333 prffunpopuonsefiffliobe
563 1266 731 1313 gradum
755 1264 918 1312 valoris,
942 1264 1169 1302 cuiusmodi
1192 1273 1285 1301 sunt
1307 1264 1423 1302 talia:
1449 1265 1699 1314 omnispater
1718 1271 1884 1315 generat

301 1335 377 1359 nave
397 1332 514 1360 several
562 1323 803 1359 individuum
849 1324 895 1359 de
937 1336 1006 1360 sua
1050 1323 1269 1360 substancia
1310 1323 1374 1360 cui
1413 1330 1469 1360 est
1500 1323 1637 1360 similis
1676 1323 1712 1358 in
1745 1322 1879 1372 specie.

305 1368 511 1395 antecedents.
563 1381 698 1418 Potest
737 1382 844 1418 enim
883 1381 949 1418 ille
987 1381 1197 1428 terminus,
1244 1381 1316 1429 cui,
1362 1380 1501 1418 referri
1541 1382 1590 1418 ad
1620 1378 1624 1432 Ι
1653 1381 1766 1417 illum
1807 1389 1883 1417 ter-

562 1439 731 1485 minum,
764 1440 997 1487 substancia,
1042 1440 1102 1477 vel
1135 1440 1185 1476 ad
1224 1438 1337 1476 illurn
1378 1439 1614 1486 terminum,
1654 1447 1783 1489 pater,
1822 1438 1883 1475 vel

562 1499 613 1534 ad
645 1497 759 1534 illum
793 1497 1028 1543 terminum,
1063 1498 1318 1534 individuum.
1359 1497 1400 1535 Si
1433 1498 1484 1534 ad
1518 1497 1629 1534 illum
1662 1496 1882 1534 terminum

560 1556 794 1603 substancia,
841 1569 932 1593 cum
972 1555 1180 1604 terminus,
1219 1556 1378 1605 species,
1422 1555 1596 1592 sumitur
1634 1568 1708 1604 pro
1751 1554 1884 1603 specie

561 1614 854 1663 specialissima
897 1614 1121 1661 famosiori,
1169 1622 1206 1650 et
1243 1613 1474 1651 substancia
1514 1613 1605 1650 talis
1645 1613 1696 1650 sit
1733 1625 1882 1659 semen,

302 1679 512 1742 AEffgurlguisst
561 1673 661 1709 falsa
695 1681 798 1709 esset
830 1672 1075 1721 proposicio.
1124 1673 1216 1709 Ideo
1249 1680 1381 1721 potest
1413 1685 1486 1721 pro
1520 1672 1657 1720 regula
1696 1671 1883 1708 sustineri

294 1750 383 1777 stand
404 1751 453 1777 for
474 1750 524 1777 the
562 1732 671 1780 quod
715 1730 925 1769 relativum
971 1730 1170 1767 referibile
1215 1731 1265 1768 ad
1303 1739 1520 1779 utrumque
1560 1731 1732 1767 duorum
1773 1738 1883 1766 ante-
1926 1733 1937 1740 ⁷

315 1789 506 1852 anssggggsetm
562 1789 796 1827 cedenciurn
821 1789 1098 1837 predencium‚
1133 1790 1183 1825 ad
1208 1801 1380 1838 quorum
1404 1797 1592 1826 neutrum
1619 1797 1677 1825 est
1701 1788 1884 1825 acciden-

277 1856 381 1883 unless
400 1855 440 1882 its
461 1856 540 1882 form
561 1847 667 1884 tibus
699 1846 932 1895 limitatum,
966 1848 1083 1884 debet
1114 1847 1254 1884 referri
1277 1848 1327 1884 ad
1360 1847 1588 1895 proximum
1622 1848 1883 1883 antecedens:

272 1890 546 1952 δὴοῖῗῇὲξᾶἷῑῌω
561 1914 605 1942 ut
637 1905 678 1942 in
712 1906 894 1954 exemplo
928 1906 1060 1955 posito
1101 1907 1219 1942 debet
1258 1904 1331 1942 iste
1370 1904 1581 1952 terminus,
1627 1905 1698 1951 cui,
1747 1903 1884 1941 referri

341 1960 479 1994 belongs.
562 1965 613 2001 ad
646 1964 776 2011 illum,
819 1963 1055 2002 substancia.
1110 1965 1187 2001 Sed
1233 1963 1302 2011 sic,
1348 1963 1470 2010 dicto,
1516 1963 1639 2000 omnis
1677 1963 1790 1999 homo
1830 1970 1885 1999 est

562 2022 710 2059 animal
731 2034 840 2071 quem
875 2023 1064 2073 contingit
1095 2035 1168 2059 non
1202 2034 1296 2069 esse,
1329 2030 1490 2071 oportet
1513 2021 1627 2059 illum
1651 2021 1883 2066 terminum,

561 2093 686 2131 quem,
728 2080 868 2118 referri
897 2077 902 2134 1
932 2082 981 2118 ad
1015 2080 1135 2117 istum
1170 2079 1387 2117 terminum
1423 2081 1550 2128 homo,
1591 2088 1758 2129 propter
1791 2092 1886 2116 con-

560 2138 813 2177 venienciam
856 2139 1134 2176 accidencium
1174 2152 1248 2188 pro
1289 2138 1542 2187 congruitate
1581 2139 1784 2175 salvanda.
1838 2137 1886 2174 Et

562 2197 632 2245 sic,
683 2197 802 2243 dicto,
849 2198 884 2234 in
919 2198 1024 2234 omni
1053 2197 1213 2234 instanti
1233 2197 1319 2246 fuit
1352 2198 1425 2245 vir,
1469 2198 1505 2233 in
1544 2209 1616 2246 quo
1647 2196 1733 2245 suit
1772 2196 1885 2232 homo

564 2256 624 2293 vel
655 2256 807 2303 mulier,
855 2257 974 2294 debet
1011 2256 1086 2292 iste
1126 2255 1336 2301 terminus,
1378 2267 1463 2304 quo,
1503 2254 1642 2292 referri
1682 2256 1732 2291 ad
1771 2254 1883 2291 illum

563 2313 782 2352 terminum
823 2315 982 2351 instanti
1027 2322 1195 2362 propter
1234 2313 1562 2351 convenienciam
1605 2325 1792 2359 casuum;
1847 2321 1883 2348 et
1928 2315 1938 2319 ”

564 2372 620 2409 sic
654 2374 702 2409 de
734 2372 936 2409 similibus
968 2372 1246 2409 iudicandum.

273 2437 351 2465 This
366 2437 450 2465 leads
466 2445 501 2464 us
519 2442 549 2464 to
623 2433 671 2467 Et
704 2430 799 2468 talia
833 2440 926 2467 sunt
959 2430 1212 2479 sophismata
1251 2443 1294 2467 ex
1329 2428 1647 2478 amphybologia
1677 2430 1739 2466 vel
1773 2428 1884 2477 equi-

287 2473 377 2499 those
397 2472 532 2500 fallacies
694 2488 700 2494 -
1053 2488 1060 2495 .
1447 2487 1454 2493 .
1501 2487 1507 2493 .
1640 2487 1647 2494 .
1728 2487 1734 2494 .
1824 2487 1830 2493 .
1864 2487 1870 2494 .

360 2507 456 2534 called
565 2501 785 2526 vocacmne
818 2490 1102 2537 procedenma,
1144 2497 1187 2525 ut
1220 2496 1331 2537 patet
1364 2489 1412 2524 de
1445 2497 1542 2534 istis,
1583 2488 1761 2536 quicquid
1793 2495 1885 2523 vivit

280 2542 540 2611 afflffllif‘gffigniggr
564 2560 719 2597 semper
750 2548 845 2593 erit;
888 2547 1010 2584 Omne
1041 2548 1143 2596 quod
1175 2547 1319 2583 eveniet
1365 2547 1410 2582 de
1454 2545 1678 2582 necessitate
1721 2545 1885 2591 eueniet,-

302 2612 352 2639 the
372 2612 519 2640 relations

274 2648 411 2674 between
434 2648 548 2675 words.

634 2725 660 2751 7.
688 2717 737 2744 hic
765 2717 796 2743 B.
907 2724 947 2744 10.
969 2715 1053 2752 after
1073 2717 1178 2745 homo,
1210 2724 1271 2743 non
1302 2715 1390 2742 deest
1414 2716 1451 2742 A.
1561 2723 1602 2747 14.
1625 2714 1824 2749 ampliativus
1845 2715 1882 2742 A.

566 2784 608 2810 14,
630 2775 666 2802 15.
688 2763 760 2802 ziz-bt?
777 2775 873 2803 above
892 2776 937 2809 A;
958 2774 1043 2802 deest
1062 2774 1093 2801 Β.
1196 2775 1231 2802 15.
1254 2765 1401 2810 apiscianr
1423 2776 1460 2802 A.
1563 2772 1604 2800 23.
1627 2771 1688 2800 ssmss
1703 2782 1764 2809 pro
1785 2775 1882 2802 famo-

564 2833 637 2860 siori
655 2833 718 2860 ΑΒ.
775 2840 818 2867 27.
836 2832 996 2868 propriam
1012 2833 1049 2865 B;
1065 2832 1102 2859 ib.
1119 2834 1360 2867 consequensA.
1419 2831 1464 2860 30.
1487 2841 1579 2868 quem
1601 2815 1640 2861 [1²⁴6
1661 2833 1692 2860 Β.
1768 2831 1814 2866 34.
1836 2833 1881 2859 vel

565 2868 675 2895 mulier
696 2868 781 2895 deest
801 2868 832 2895 B.
907 2867 952 2903 37.
974 2867 1106 2903 amphya
1127 2868 1165 2894 A.
1240 2866 1286 2902 39.
1308 2872 1353 2895 est
1373 2868 1405 2895 Β.
