2132 3319
304 189 377 214 120
999 184 1223 216 JOHANNIS
1250 184 1434 215 WYCLIF'
1722 181 1810 209 CAP.
1831 181 1899 208 VII.

587 303 787 339 cognosco
819 291 880 327 vel
912 290 995 326 scio
1019 289 1116 338 quid
1149 290 1214 326 ille
1247 290 1441 326 terminus
1473 289 1750 338 principaliter
1781 290 1901 338 signi-

295 360 319 387 1t
335 367 405 395 may
420 359 455 386 be
472 357 570 398 qdd-ed
588 349 693 385 ficat.
718 347 894 385 Ulterius
911 347 1058 385 dicitur
1074 349 1180 396 quod
1205 349 1350 384 modus
1365 347 1564 396 probandi
1579 360 1651 396 per
1666 347 1900 396 capcionem

317 395 551 464 thgtpsscgsstfzoaffi
587 416 645 443 est
690 407 831 443 modus
876 405 1075 454 probandi
1120 418 1142 442 a
1182 405 1415 454 posteriori3
1460 419 1554 443 nam
1599 405 1800 454 posterius
1845 415 1902 443 est

331 463 537 527 sssssttffirewrsgv
588 477 652 501 me
697 464 799 500 scire
850 464 959 500 illam
1012 463 1360 512 proposicionem:
1413 464 1541 513 aliqua
1581 464 1804 513 proposicio
1848 471 1904 501 est

307 534 451 569 meaning
471 532 560 568 given
588 535 680 559 vera
725 535 837 571 quam
883 522 1008 558 nescio
1051 534 1133 558 esse
1171 534 1304 557 veram
1348 522 1402 558 sic
1439 522 1735 573 significantem,
1780 526 1936 570 quam5

305 568 564 631 ‘utffdgssgtgffir'dis
589 592 651 616 me
674 580 776 616 scire
798 579 975 628 aliquam
1000 579 1322 628 proposicionem
1352 591 1436 616 esse
1464 592 1598 616 veram
1623 593 1744 628 quam
1767 579 1903 616 nescio

299 639 502 700 Ρῡὸξῐθΐΐέξὲῐξὲ
523 637 573 664 the
589 650 673 675 esse
711 650 861 674 veram.
911 639 1003 674 Ideo
1042 637 1108 673 ille
1147 639 1289 674 modus
1335 638 1546 685 probandi,
1595 637 1699 674 sicut
1737 637 1904 686 quilibet

505 693 511 699 ’
588 696 689 732 alius
727 695 1014 744 significabilis,
1055 695 1283 732 continetur
1321 697 1393 731 sub
1433 695 1569 745 aliquo
1613 695 1903 744 predictorum.

588 756 636 790 Et
680 763 793 790 tanta
837 753 1002 790 dixerim
1049 762 1091 789 ut
1136 753 1302 802 promisi
1348 754 1397 790 de
1443 753 1688 802 probacione
1732 753 1905 802 simplici

588 812 819 860 kategorice
852 812 899 848 de
930 812 1063 848 inesse.
1926 828 1965 848 10

659 989 679 1008 1.
701 981 783 1016 quod
804 981 836 1008 Β.
946 979 971 1007 3.
993 989 1009 1008 a
1031 981 1194 1016 posteriori
1217 985 1262 1008 est
1283 981 1395 1008 modus
1417 981 1569 1015 probandi
1590 989 1645 1016 per
1671 981 1854 1017 capcionem
1873 981 1906 1009 B.

589 1016 616 1044 8.
639 1016 799 1051 signabilis
820 1016 852 1042 B.
928 1024 954 1050 9.
979 1015 1131 1051 simplicis
1153 1016 1184 1043 B.
