2132 3319
238 181 311 217 162
966 182 1191 214 „IOHANNIS
1217 180 1403 212 WYCLIF
1683 176 1772 203 CAP.
1794 175 1845 202 xi.

250 303 362 338 Again,
383 301 488 335 taking
582 295 694 329 Patet
719 290 847 327 eciam
871 290 978 338 quod
1002 288 1130 324 anima
1164 286 1356 322 anticristi
1386 285 1603 322 necessario
1627 284 1712 330 erit,
1747 284 1850 320 acci·

253 343 487 406 suss}{{fi{{²vrg{y⁷
524 351 672 400 piendo
712 349 833 385 istum
872 346 1105 392 terminum,
1148 344 1380 391 necessario,
1419 342 1701 387 nominaliter3
1748 342 1850 378 sicut

242 409 501 469 {ffitffffigtffitsgpet
525 421 636 446 omne
677 407 778 456 quod
817 406 890 442 erit
928 404 1146 441 necessario
1180 403 1267 449 erit,
1306 409 1341 438 et
1374 402 1447 438 erit
1480 400 1712 438 necessario.
1760 402 1851 436 Non

233 476 388 504 existence
408 475 664 505 ofthetarnen
706 476 871 501 omnem
926 475 1009 499 rem
1060 473 1223 498 necesse
1276 469 1334 497 est
1379 472 1460 496 6336
1513 460 1572 495 vel
1614 460 1726 508 fore,
1778 470 1852 494 nec

242 510 463 574 Antiscciluriiscgfis
483 552 499 571 a
525 536 688 563 necesse
713 531 771 560 est
794 533 958 559 omnem
983 533 1067 557 rem
1080 521 1193 568 sore,
1225 518 1408 567 quamvis
1431 529 1592 554 necesse
1616 517 1666 553 sit
1689 528 1851 553 omnem

287 580 458 616 necessity;
527 596 611 620 rem
646 594 741 628 esse,
782 593 828 617 eo
861 580 972 628 quod
1008 586 1084 615 stat
1117 577 1294 625 aliquam
1337 588 1421 613 rem
1462 588 1543 612 esse
1583 584 1621 611 et
1661 587 1853 623 nunquam

516 643 636 691 fore;
677 648 722 676 ut
767 646 877 687 patet
916 639 965 674 de
1006 635 1246 684 corporibus
1286 634 1533 671 inanimatis.
1581 635 1694 669 Patet
1727 632 1853 669 eciam

528 700 637 749 quod
677 697 718 734 in
759 709 854 733 casu
893 694 1103 732 communi
1144 694 1404 730 necessarium
1444 692 1518 728 erit
1555 692 1724 727 animam
1757 691 1855 726 anti-

528 757 639 795 cristi
670 768 751 792 esse
785 762 821 791 et
844 755 955 803 fore,
1002 752 1104 789 sicut
1143 752 1404 788 necessarium
1450 757 1505 786 est
1546 750 1657 785 deum
1698 761 1855 785 causam

528 815 604 852 mei
635 826 737 859 esse;
768 825 863 849 nam
897 812 968 848 hoc
1001 811 1074 847 erit
1106 810 1275 846 animam
1309 808 1503 845 anticristi
1533 820 1627 855 esse,
1675 809 1857 852 (demon-

529 873 697 910 strando
742 870 951 908 veritatem
993 869 1222 906 absolutam
1263 880 1340 916 que
1382 866 1457 903 erit
1495 866 1608 902 istam
1656 878 1737 902 rem
1778 877 1859 901 esse

529 932 603 978 vel,
628 931 700 967 ista
725 942 788 966 res
812 932 881 973 est)
907 937 944 965 et
968 928 1040 964 hoc
1063 928 1137 964 erit
1160 926 1441 970 necessarium;
1463 937 1574 974 ergo,
1600 924 1858 960 necessarium

532 997 587 1027 est
611 989 781 1025 animam
805 987 1001 1023 anticristi
1022 998 1124 1030 6336,·
1156 994 1193 1021 et
1217 984 1274 1021 sie
1298 986 1346 1021 de
1379 984 1556 1020 secunda
1585 982 1860 1027 conclusione,

531 1048 706 1085 tenendo
740 1055 877 1082 tamen
917 1044 1039 1081 istum
1074 1043 1308 1090 terminum⁷
1348 1041 1581 1087 necessario,
1624 1040 1860 1085 modaliter;

532 1116 629 1143 tunc
675 1104 749 1141 erit
793 1103 1066 1140 necessarium
1107 1102 1225 1138 istam
1269 1113 1351 1137 rem
1393 1112 1477 1136 esse
1517 1100 1577 1136 vel
1619 1100 1714 1146 fore,
1761 1098 1864 1135 sicut

533 1166 646 1202 istam
688 1175 769 1199 rem
794 1162 894 1211 sore
939 1161 1013 1197 erit
1052 1159 1342 1205 necessarium,
1383 1160 1452 1194 sed
1491 1171 1574 1194 non
1615 1157 1690 1194 erit
1729 1169 1863 1193 neces-

533 1223 683 1260 sarium
719 1221 889 1257 animam
922 1219 1116 1255 anticristi
1135 1220 1234 1267 fore
1268 1218 1328 1253 vel
1357 1229 1450 1263 esse,
1485 1216 1598 1253 sicud
1632 1216 1743 1252 illam
1779 1228 1861 1251 rem

533 1283 618 1319 fore
658 1279 732 1316 erit
782 1278 1073 1315 necessarium:
1116 1277 1192 1313 nisi
1226 1277 1310 1313 fore
1350 1275 1423 1311 erit
1463 1274 1712 1311 resurreccio
1760 1287 1864 1310 mor-

535 1351 714 1384 tuorum,
739 1337 807 1386 qui
831 1345 1029 1385 perpetuo
1055 1337 1275 1372 manebunt
1301 1334 1340 1370 in
1363 1333 1605 1370 instantibus
1628 1332 1863 1378 limitandis,

536 1407 578 1435 ut
613 1405 771 1445 ponunt
804 1395 998 1443 theologi.

595 1456 726 1500 Unde,
773 1455 950 1490 tenendo
993 1453 1112 1489 istum
1150 1451 1383 1496 terminum,
1431 1450 1705 1496 necessarium,
1758 1458 1867 1485 utro-

293 1523 357 1560 thay
377 1521 414 1555 is,
436 1520 474 1560 its
538 1515 659 1563 bique
692 1512 921 1559 modaliter,
956 1511 1089 1547 differt
1120 1511 1291 1546 multum
1319 1508 1451 1545 dicere
1475 1510 1584 1557 quod
1608 1508 1867 1544 necessarium

254 1555 524 1626 fussussssgessffgvfe
539 1574 613 1610 erit
651 1572 774 1621 ipsam
801 1571 899 1620 fore
938 1578 975 1606 et
1014 1569 1147 1606 dicere
1181 1569 1289 1616 quod
1330 1580 1480 1603 necesse
1519 1574 1575 1603 est
1607 1567 1731 1616 ipsam
1755 1566 1867 1615 fore.

244 1626 452 1694 thfflsszgohmitsffi
472 1629 524 1652 not
541 1631 582 1668 Si
622 1630 728 1667 enim
768 1627 1005 1677 opportebit
1044 1627 1174 1676 ipsam
1216 1627 1313 1671 fore,
1355 1634 1450 1661 tunc
1483 1624 1758 1662 necessarium
1793 1624 1869 1660 erit

264 1698 367 1725 which
388 1697 414 1724 is
434 1700 500 1723 true
540 1690 669 1738 ipsam
694 1689 793 1733 fore,
819 1695 856 1723 et
880 1695 1063 1732 econtra3
1089 1693 1125 1721 et
1149 1686 1198 1721 ad
1229 1686 1303 1720 hoc
1335 1684 1482 1720 sufficit
1507 1684 1614 1732 quod
1650 1682 1868 1731 aliquando
1911 1686 1922 1717 ζ

259 1734 294 1761 of
311 1740 403 1767 many
424 1730 513 1758 other
594 1748 600 1754 .
666 1747 672 1753 .
990 1757 1000 1764 ἢ
1101 1744 1106 1750 .
1316 1755 1326 1761 .
1414 1744 1428 1752 Ἴ
1547 1741 1553 1747 .
1788 1740 1794 1746 .

328 1767 443 1801 things.
541 1755 615 1785 erit
660 1754 711 1782 ita
753 1746 855 1794 quod
902 1751 1054 1794 oportet
1093 1756 1217 1792 ipsam
1247 1743 1358 1791 soie.
1407 1743 1485 1778 bed
1525 1754 1556 1778 si
1596 1753 1867 1778 necessarlum

543 1815 601 1843 est
641 1805 771 1853 ipsam
804 1804 889 1840 fore
929 1804 979 1839 ad
1019 1814 1181 1838 sensum
1220 1800 1453 1847 limitatum,
1499 1809 1594 1836 tunc
1639 1799 1870 1848 opportebit

543 1865 653 1913 quod
692 1862 780 1910 ipsa
820 1861 914 1907 erit;
958 1861 1086 1897 multa
1119 1868 1257 1896 tamen
1292 1858 1525 1907 opportebit
1559 1858 1644 1895 fieri
1678 1870 1755 1906 que
1788 1857 1869 1894 iam

543 1935 626 1960 non
659 1929 851 1969 opportet
884 1919 984 1956 fieri.

356 1988 435 2027 The¹
603 1980 719 2017 Unde
752 1978 828 2015 ista
862 1977 1109 2026 proposicio‚
1150 1976 1411 2013 necessarium
1452 1975 1525 2011 erit
1556 1975 1611 2011 sic
1651 1986 1745 2021 esse,
1790 1987 1871 2010 non

282 2028 497 2086 Ρῖρίῗῂῃὲἒζ
545 2038 677 2088 primo
730 2045 952 2085 exponetur
1007 2035 1171 2072 racione
1224 2034 1338 2070 istius
1387 2032 1549 2070 termini
1594 2033 1868 2069 necessarium.

304 2100 481 2163 negfigfftffl
547 2098 637 2143 Sed,
674 2108 765 2132 cum
789 2095 895 2131 idem
922 2094 971 2130 sit
995 2093 1141 2139 dicere,
1177 2093 1437 2129 necessarium
1462 2092 1548 2139 erit,
1574 2100 1611 2128 et
1641 2091 1871 2141 opportebit,

260 2164 414 2192 therefore
433 2167 464 2189 10
485 2161 521 2187 be
547 2155 771 2192 resolvetur
804 2152 966 2190 racione
999 2151 1194 2200 temporis
1236 2150 1443 2188 connotati
1484 2149 1560 2187 isto
1594 2151 1737 2187 modo:
1784 2157 1873 2185 tunc

280 2200 353 2270 firgty
365 2196 511 2267 {233⁵ng
546 2213 805 2250 necessarium
839 2212 913 2248 erit
945 2211 999 2247 sic
1031 2223 1132 2255 6336,·
1163 2223 1262 2260 ergo
1295 2209 1554 2246 necessarium
1589 2209 1662 2245 erit
1690 2209 1746 2244 sic
1778 2220 1870 2244 esse.

282 2276 449 2302 necessary
469 2272 499 2294 to
546 2274 595 2308 Et
628 2272 870 2308 antecedens
903 2271 1119 2318 probatur:
1160 2276 1248 2304 tunc
1282 2269 1355 2304 erit
1387 2268 1488 2316 quod
1520 2268 1574 2303 sic
1607 2274 1674 2313 est,
1717 2273 1751 2302 et
1784 2271 1905 2302 tunc?

257 2301 531 2376 mgidlviiizgi’tiorff
547 2330 620 2367 erit
664 2331 715 2366 ita
763 2329 864 2378 quod
902 2340 974 2364 non
1008 2334 1137 2377 potest
1175 2340 1247 2363 non
1286 2327 1341 2363 sic
1380 2338 1484 2362 esse:
1528 2338 1626 2376 ergo
1667 2333 1756 2361 tunc
1801 2325 1874 2360 erit

284 2372 501 2444 mseisslxgzffisns
548 2388 807 2425 necessarium
846 2387 901 2424 sic
939 2399 1033 2433 esse,
1077 2386 1138 2422 vel
1177 2393 1266 2421 tunc
1305 2384 1522 2420 necessario
1562 2384 1636 2419 erit
1673 2384 1727 2419 sic
1773 2395 1875 2419 6336.·

549 2447 658 2495 quod
714 2447 843 2482 habeo
895 2458 968 2493 pro
1020 2445 1178 2480 eodem.
1247 2444 1295 2479 Et
1346 2442 1418 2479 iste
1478 2450 1733 2489 exponentes,
1787 2449 1875 2477 tunc

548 2505 603 2541 sic
661 2505 747 2550 erit,
805 2511 840 2540 et
882 2515 954 2539 non
996 2510 1124 2552 potest
1168 2514 1249 2538 6336
1293 2501 1379 2550 quin
1433 2508 1521 2535 tunc
1571 2500 1624 2536 sic
1669 2500 1756 2545 erit,
1814 2511 1875 2535 ex-

1878 819 1916 839 10

1885 1100 1920 1132 15

550 2571 706 2611 ponunt
750 2561 881 2608 istam,
928 2561 1185 2597 necessarium
1236 2567 1291 2596 est
1333 2559 1435 2608 qnod
1475 2566 1564 2594 tunc
1604 2558 1658 2594 sic
1700 2559 1794 2603 erit;
1839 2566 1875 2593 et
1890 2570 1934 2601 40

626 2729 664 2748 12.
687 2725 732 2747 est
753 2720 839 2747 deest
858 2721 896 2747 A.
1007 2728 1048 2753 14.
1077 2718 1250 2746 necessario
1278 2718 1362 2745 deest
1381 2717 1413 2744 B.
1525 2725 1564 2750 17,
1586 2717 1626 2744 18.
1656 2716 1742 2743 sicud
1763 2732 1797 2735 —
1818 2716 1875 2743 nisi

554 2757 640 2783 deest
659 2757 696 2783 A.
772 2763 814 2782 22.
837 2754 919 2790 quod
940 2755 1024 2781 deest
1046 2754 1076 2780 Β,
1153 2761 1195 2787 27.
1218 2762 1252 2788 03
1275 2753 1306 2781 B.
1381 2752 1420 2780 31.
1443 2752 1607 2787 exponitur
1623 2752 1655 2779 Β.
1729 2749 1770 2778 33.
1793 2752 1875 2778 enim

551 2799 612 2826 pro
634 2791 804 2817 resolvetur
826 2790 857 2816 Β.
973 2788 1015 2817 35.
1039 2789 1082 2815 sic
1103 2793 1174 2815 tunc
1197 2789 1233 2819 B:
1268 2789 1304 2815 ib.
1328 2788 1367 2815 ita
1390 2787 1472 2826 quod
1497 2787 1527 2814 P).
1642 2786 1686 2819 37.
1708 2794 1800 2813 omne
1817 2794 1875 2821 pro

555 2834 621 2852 esse
644 2827 686 2855 A:
709 2826 746 2851 ib.
771 2825 979 2851 necessarium
1001 2823 1110 2860 before
1130 2824 1185 2850 erit
1208 2824 1237 2850 B.
1312 2822 1357 2857 39.
1382 2831 1424 2850 Slc
1444 2821 1530 2858 after
1550 2827 1621 2848 tunc
1642 2822 1728 2848 deest
1748 2821 1781 2848 Β.
