2132 3319
227 248 315 276 CAP.
336 249 358 276 1.
780 251 966 283 LOGICA.
1817 244 1838 282 3

225 358 306 404 iste,
342 365 378 393 et
400 356 622 405 pluraliter,
657 365 698 393 ut
723 357 785 402 lzii,
820 357 892 393 isti.
928 357 967 393 Si
1001 357 1106 393 enim
1141 357 1190 393 sit
1223 357 1418 393 terminus
1443 370 1549 394 com-

227 414 373 461 munis,
412 415 472 451 vel
513 423 570 451 est
602 414 797 451 terminus
837 414 1030 451 univocus
1063 416 1123 451 vel
1156 415 1386 464 equivocus.
1428 415 1468 452 Si
1501 415 1551 452 sit

226 472 455 520 equivocus,
502 473 561 509 vel
595 481 652 508 est
685 474 1006 519 transscendens,
1053 474 1162 521 quod
1209 482 1265 509 est
1304 473 1549 521 predicabile

226 531 273 566 de
308 530 495 566 omnibus
528 530 696 575 entibus,
739 530 839 567 sicut
878 530 951 566 iste
984 530 1178 567 terminus
1212 543 1288 576 ens,
1327 531 1388 567 vel
1422 544 1551 578 unum,

192 591 208 623 5
225 589 286 624 vel
309 600 371 624 res
394 588 454 624 vel
476 588 634 636 aliquid,
664 587 757 636 quia
779 601 899 625 omne
922 590 1031 636 quod
1056 598 1126 635 est,
1157 597 1214 625 est
1238 601 1319 634 ens,
1351 597 1388 625 et
1411 602 1549 635 unum,

225 654 263 681 et
286 658 360 691 res,
395 654 432 682 et
455 645 608 694 aliquid
633 648 684 691 (et
708 645 798 682 ideo
823 646 968 682 dicitur
991 646 1185 682 terminus
1209 648 1550 693 transscendens);

224 704 284 740 vel
322 703 437 744 aliter
476 712 533 739 est
571 703 766 740 terminus
804 704 998 740 univocus
1037 714 1073 740 et
1111 717 1191 741 non
1223 706 1549 751 transscendens3

224 761 325 798 sicut
358 761 431 797 iste
464 761 671 808 terminus,
705 763 883 812 angelus,
914 763 975 798 vel
1007 763 1134 806 homo,
1166 763 1227 799 vel
1259 763 1416 799 animal.

281 819 498 855 Terminus
556 819 836 856 substancialis
888 829 945 856 est
993 820 1190 857 terminus
1237 820 1305 869 qui
1351 820 1840 868 signifieatAtermiscalled

171 890 209 911 10
224 886 410 914 naturam
445 877 501 913 rei
535 877 619 914 sine
653 878 944 914 connotacione
978 878 1237 915 accidentalis
1271 879 1549 927 proprietatis;
1581 860 1821 929 suabcsgzdnetgatzglpr

223 944 266 971 ut
305 935 378 971 iste
417 935 626 981 terminus,
668 937 795 983 homo,
835 935 1034 984 significat
1073 936 1294 973 essenciam
1328 937 1571 973 humanam.
1594 930 1761 964 according
1780 938 1813 957 ³³

225 992 309 1029 sine
349 993 643 1030 connotacione
683 1003 881 1030 extranea.
922 996 970 1030 Et
1008 993 1082 1030 iste
1119 994 1327 1041 terminus,
1361 995 1548 1044 Angelus,
1565 964 1843 1027 ἒῖυὶξῖεῗὲῐῗὲεξὲξῖῃὲ

228 1050 504 1099 principaliter
537 1051 737 1099 significat
760 1061 948 1088 naturam
973 1052 1033 1088 vel
1066 1052 1288 1089 essenciam
1324 1052 1547 1100 angelicam
1574 1033 1716 1104 Ηζὲἷέξὲξ
1732 1034 1834 1096 ἶζῂιῑῗι

224 1108 308 1145 sine
355 1109 649 1145 connotacione
695 1118 894 1146 extranea.
941 1111 1019 1146 Sed
1056 1110 1252 1146 terminus
1292 1110 1550 1147 accidentalis

170 1169 205 1201 15
224 1175 281 1203 est
314 1167 442 1203 diccio
475 1166 708 1215 significans
734 1167 953 1204 essenciam
979 1167 1048 1214 rei,
1085 1169 1342 1205 connotando
1366 1168 1550 1205 acciden-

222 1226 341 1261 talem
377 1225 687 1273 proprietatem:
717 1223 720 1276 Ι
750 1225 851 1262 sicut
875 1226 948 1262 iste
973 1225 1179 1271 terminus,
1204 1227 1329 1273 albus,
1353 1226 1552 1275 significat

222 1283 493 1320 substanciam
535 1292 572 1319 et
612 1283 794 1320 similiter
836 1283 1078 1330 albedinem,
1119 1296 1195 1332 que
1231 1293 1289 1321 est
1321 1284 1550 1333 proprietas

223 1350 410 1378 extranea
435 1343 483 1378 ab
509 1341 697 1387 essencia,
724 1354 801 1390 que
826 1351 883 1378 est
906 1341 1156 1388 substancia3
1182 1351 1218 1378 et
1241 1342 1315 1379 iste
1339 1342 1546 1388 terminus,

221 1400 420 1444 sacerdos,
464 1400 525 1435 vel
557 1400 768 1449 episcopus,
815 1409 872 1436 est
904 1400 1099 1436 terminus
1133 1400 1406 1447 accidentalis,
1453 1401 1547 1449 quia
1646 1415 1749 1444 When

165 1468 206 1488 20
221 1457 420 1504 significat
444 1457 663 1503 hominem,
698 1466 735 1493 et
758 1457 878 1494 aliam
904 1458 1192 1506 proprietatem
1226 1459 1343 1504 ultra,
1376 1471 1452 1507 que
1489 1467 1546 1495 est
1591 1450 1769 1485 accidental,
1790 1452 1813 1478 it

1578 1484 1706 1513 denotes
1727 1486 1756 1513 in
1778 1486 1816 1513 its

221 1515 512 1562 sacerdocium,
557 1516 618 1552 vel
651 1515 919 1563 episcopatus.
966 1519 1014 1552 Et
1047 1515 1194 1552 dicitur
1227 1516 1421 1553 terminus
1455 1518 1545 1553 sub·
1561 1519 1695 1555 objecta
1716 1521 1832 1558 quality

220 1572 436 1619 stancialis,
472 1572 565 1621 quia
595 1573 788 1622 quicquid
812 1583 869 1610 est
892 1574 1137 1621 huiusmodi,
1171 1574 1274 1611 sicut
1296 1574 1547 1623 significatur
1592 1555 1810 1625 ῂθῐῗέξῃὲῗὲἀς

220 1630 494 1679 principaliter
534 1644 604 1679 per
643 1631 762 1667 istum
804 1632 1036 1679 terminum,
1077 1641 1172 1668 tunc
1211 1633 1439 1669 necessario
1473 1632 1546 1669 erit
1579 1626 1759 1689 subsigiiiiifl
1792 1661 1815 1689 it

1765 1684 1771 1696 ,

220 1688 348 1736 ipsum
376 1689 619 1735 huiusmodi,
655 1690 877 1726 dummodo
901 1690 1034 1738 ipsum
1060 1690 1153 1734 erit;
1187 1690 1303 1737 sicut,
1337 1691 1368 1727 si
1402 1691 1546 1740 aliquis
1596 1695 1723 1723 denotes
1744 1705 1802 1723 one

164 1747 202 1779 25
220 1746 269 1783 sit
302 1748 437 1793 homo,
472 1756 567 1784 tunc
591 1747 675 1795 ipse
702 1761 783 1784 non
807 1757 937 1796 potest
960 1761 1057 1795 esse,
1090 1748 1167 1785 nisi
1190 1749 1309 1785 fuerit
1333 1750 1476 1795 homo3
1509 1757 1547 1785 et
1593 1731 1658 1758 that
1678 1736 1801 1758 cannot.

220 1806 293 1841 hac
327 1806 374 1841 de
408 1818 527 1842 causa
561 1805 708 1842 dicitur
741 1805 814 1843 iste
847 1806 1053 1851 terminu&
1090 1808 1215 1851 homo,
1249 1807 1543 1844 substancialis.

220 1865 267 1898 Et
306 1862 451 1899 dicitur
489 1863 683 1900 terminus
723 1864 983 1901 accidentalis
1024 1864 1130 1913 quia,
1172 1865 1354 1913 quamvis
1394 1865 1547 1913 aliquid

219 1921 268 1956 sit
287 1921 530 1968 huiusmodi,
556 1921 658 1958 sicut
672 1921 921 1970 significatur
939 1935 1009 1971 per
1033 1923 1144 1959 illum
1162 1923 1393 1970 terminum,
1411 1932 1546 1959 tamen

220 1988 350 2026 potest
384 1992 467 2016 esse
501 1981 610 2028 quod
642 1980 772 2027 ipsum
807 1980 869 2028 sit,
905 1981 1086 2029 quamvis
1119 1994 1200 2017 non
1222 1981 1272 2017 sit
1296 1981 1546 2026 huiusmodi;

164 2037 334 2083 sosicut‚
380 2037 561 2085 quamvis
608 2038 752 2086 aliquis
797 2039 846 2075 sit
885 2039 1052 2075 clericus
1090 2040 1151 2075 vel
1190 2041 1391 2086 sacerdos,
1437 2039 1545 2075 idem

220 2104 354 2131 tamen
388 2104 519 2143 potest
552 2108 635 2132 esse
669 2105 809 2143 postea
839 2109 928 2133 cum
955 2098 1029 2133 hoc
1053 2098 1161 2145 quod
1183 2110 1264 2134 non
1288 2098 1337 2134 sit
1363 2097 1545 2144 clericus,

218 2154 279 2189 vel
312 2154 513 2190 sacerdos.

277 2211 507 2259 Aliquando
541 2220 698 2248 tenetur
731 2212 927 2249 terminus
960 2212 999 2249 in
1034 2221 1154 2259 recto,
1190 2221 1227 2249 et
1260 2212 1480 2261 aliquando
1504 2212 1545 2249 in
1600 2218 1626 2245 It
1646 2219 1745 2246 varies
1766 2220 1796 2259 ir]

219 2268 396 2317 obliquo.
430 2271 608 2306 Tenetur
639 2269 679 2305 in
709 2279 831 2316 recto,
866 2272 1027 2319 quando
1050 2280 1208 2307 tenetur
1231 2270 1271 2307 in
1294 2270 1543 2307 nominativo
1560 2254 1836 2324 squeissscqqrscging

163 2328 201 2361 3⁷5
219 2339 333 2373 casu3
372 2336 530 2363 tenetur
568 2327 607 2363 in
646 2328 825 2376 obliquo,
867 2330 1029 2377 quando
1069 2337 1225 2365 tenetur
1262 2328 1302 2365 in
1336 2328 1415 2365 alio
1450 2341 1542 2365 casu
1633 2324 1761 2351 whena

1592 2358 1802 2392 substantive,-

219 2397 340 2432 quam
380 2384 419 2421 in
451 2385 715 2422 nominativo.
762 2386 967 2432 Similiter,
1015 2386 1223 2435 quodlibet
1254 2387 1419 2422 verbum
1455 2399 1543 2434 pre·
1558 2393 1725 2429 according
1744 2398 1774 2421 to
1795 2394 1834 2421 its

218 2442 339 2478 sentis
373 2443 565 2491 temporis
601 2452 657 2479 est
688 2452 856 2490 rectum,
882 2453 918 2481 et
951 2444 1160 2492 quodlibet
1188 2446 1352 2481 verbum
1378 2444 1542 2480 alterius
1573 2428 1817 2495 tfissfigssgffinisa

218 2500 412 2548 temporis
452 2514 571 2549 quarn
615 2502 810 2549 presentis
856 2511 913 2538 est
952 2502 1176 2550 obliquum.
1222 2502 1428 2548 Similiter,
1469 2501 1543 2538 iste
1575 2497 1815 2567 calclgssufssbgssn'

217 2558 412 2594 terminus
445 2559 511 2607 qui
547 2559 692 2596 dicitur
725 2560 978 2608 suppositum
1014 2560 1054 2596 in
1084 2560 1361 2608 grammatica,
1396 2559 1543 2596 dicitur
1608 2567 1779 2602 predicate.

290 2729 342 2760 32.
373 2729 559 2761 Sacerdos.
586 2729 720 2771 Wyclif
743 2730 770 2760 is
796 2730 959 2773 logically
987 2730 1093 2772 right,
1127 2731 1188 2762 but
1214 2741 1232 2761 a
1259 2730 1416 2762 Catholic
1442 2730 1540 2762 theo-

218 2774 334 2815 logiam
362 2775 481 2806 would
508 2775 597 2806 have
624 2783 685 2817 put
712 2777 833 2808 ‘antea'
861 2777 994 2808 instead
1023 2777 1062 2808 of
1083 2777 1239 2818 ‘postea’.
1266 2777 1342 2809 The
1361 2778 1476 2809 axiom
1496 2779 1540 2808 is:

222 2820 316 2853 Once
342 2831 363 2852 α
387 2821 511 2862 priest,
539 2822 678 2864 always
705 2833 725 2853 α
748 2824 874 2863 priest.
893 2823 1015 2854 Morta]
1036 2824 1099 2862 sin,
1127 2825 1314 2864 according
1332 2831 1366 2855 to
1382 2824 1541 2866 VVyclif's

218 2866 305 2897 later
332 2868 525 2909 developed
554 2875 695 2909 system,
724 2869 882 2911 destroys
909 2869 966 2900 the
993 2869 1209 2911 priesthood.

1363 2939 1372 2959 Ι
1390 2928 1408 2948 ss
