2132 3319
296 166 344 203 58
1040 172 1265 207 JOHANNIS
1291 172 1478 207 WYCLIF
1709 170 1801 200 CAP.
1822 170 1904 200 xm.

298 290 360 324 but,
380 290 403 316 A
425 290 450 316 Β
470 290 496 316 is
518 288 561 317 C:
587 281 764 330 quenti53
803 282 872 317 sed
905 282 1067 329 quando
1101 282 1276 318 secunda
1314 294 1405 329 pars
1439 280 1665 329 copulative
1705 289 1763 317 est
1795 290 1905 318 ante-

290 324 436 393 'j3'7·§¹gvf
452 323 564 386 actm?
585 340 729 376 cedens
763 340 814 375 ad
839 338 960 375 aliam
993 347 1150 387 partem
1174 339 1413 387 copulative,
1449 348 1546 376 tunc
1580 340 1905 387 argumentando

395 401 463 421 one.
583 399 631 434 ab
663 397 731 434 illa
763 405 876 445 parte
909 409 986 445 que
1019 405 1075 433 est
1104 397 1344 433 antecedens
1378 398 1429 433 ad
1457 405 1586 434 totam
1610 396 1899 445 copulativam,

582 456 686 492 valet
720 454 1033 503 consequencia:
1067 463 1111 491 ut
1143 455 1256 491 homo
1289 455 1435 491 currit:
1463 454 1599 503 igitur,
1634 456 1747 491 homo
1782 455 1907 491 currit

584 521 619 549 et
651 512 798 549 animal
830 513 968 549 currit.
1925 515 1941 548 5

398 578 465 619 The
641 570 731 607 Alia
764 571 902 619 regula
934 579 992 607 est
1024 572 1133 619 quod
1173 570 1537 608 contradictorium
1580 570 1809 618 copulative
1849 579 1908 607 est

290 615 520 684 contrzssisgffiptry
540 613 664 665 Ofuna
697 628 936 665 disiunctiva
968 629 1073 666 facta
1112 641 1156 665 ex
1189 628 1385 678 oppositis
1425 628 1606 676 partibus
1644 628 1750 664 illius
1784 641 1907 676 copu-

290 683 721 751 Aigffsassgfsstnfflativss
755 695 811 733 ut,
847 687 1207 723 contradictorium
1243 687 1348 723 illius
1382 686 1607 735 copulative
1643 687 1808 723 mundus
1832 699 1908 735 per

338 754 441 780 would
465 754 515 780 be:
585 745 708 794 ipsum
737 746 876 794 factus
910 753 965 782 es!
1000 753 1034 781 et
1073 746 1240 781 mundus
1272 758 1356 782 eum
1395 757 1468 781 non
1508 745 1702 795 cognovit,
1742 753 1799 781 est
1831 744 1908 781 ista

299 788 560 856 Azscmrfgtssstngr
585 802 841 840 disiunctiva:
867 804 996 840 nullus
1018 804 1269 853 mundusper
1290 803 1413 852 ipsum
1427 804 1565 851 factus
1578 801 1682 852 [est]
1704 803 1765 839 vel
1786 803 1908 838 omnis
1927 816 1966 836 10

313 866 406 890 everr
426 857 452 885 C
468 857 494 884 τέ
516 857 551 885 D.
584 862 750 897 mundus
782 873 866 897 eum
900 862 1093 912 cognovit.

654 1016 695 1035 10.
717 1012 761 1035 est
782 1007 876 1035 deest.
