2132 3319
266 211 353 239 CAP.
375 211 453 239 xm.
819 213 1005 244 LOGICA.
1795 214 1868 248 Ι79

323 321 456 356 Potest
499 331 592 366 ergo
640 318 718 354 dici
763 330 835 366 pro
876 317 1153 365 descripcione
1193 316 1378 353 habenda
1417 317 1465 353 de
1503 316 1579 353 isto
1675 323 1784 350 Actual

265 376 451 422 termino,
498 377 610 422 scire,
658 389 737 424 quo
778 377 827 412 ad
867 376 1049 412 membra
1082 373 1289 423 equivoca,
1334 375 1444 422 quod
1477 374 1579 410 sicut
1628 357 1834 419 ilsmaonwgecqggf

263 434 363 471 scire
400 433 604 471 habituale
637 442 694 469 est
727 432 927 469 habituari
959 433 1019 469 vel
1053 433 1198 469 habere
1231 431 1411 468 habitum
1446 432 1576 479 cogni·
1628 426 1838 489 ssgllffiffflitfftfflfi

264 500 363 538 tum,
397 491 453 528 sic
484 491 584 527 scire
616 492 772 528 actuale
806 499 866 527 est
898 492 1062 527 credere
1094 489 1178 526 sine
1211 489 1414 526 contraria
1444 489 1579 525 formi-
1690 496 1783 523 truth.

232 555 248 587 5
266 549 356 586 dine
384 549 607 586 veritatem.
642 548 753 585 Sicut
777 549 882 585 enim
907 549 1054 584 habere
1081 556 1235 584 motum
1261 556 1318 584 est
1343 547 1505 593 moveri,
1542 555 1579 584 et

125 615 152 644 Α
168 616 229 654 42a
265 608 411 643 habere
433 606 642 643 veritatem
668 615 724 643 est
749 619 831 643 esse
854 605 1091 651 virtuosum,
1115 605 1171 642 sic
1196 606 1342 642 habere
1368 601 1370 657 l
1397 604 1580 641 habitum

265 664 471 712 cognitum
506 673 564 701 est
585 664 687 701 scire
709 665 770 701 vel
795 675 1052 712 cognoscere.
1087 665 1136 699 Et
1157 663 1258 699 scire
1281 663 1452 709 actuale,
1488 675 1578 699 cum
1612 669 1701 697 Thus
1721 668 1803 695 what
1823 668 1849 695 is

263 721 313 759 sit
345 731 456 759 actus
480 722 699 759 adherendi
722 723 783 759 vel
807 721 1009 767 credendi,
1044 720 1141 757 dicit
1163 721 1268 757 ultra
1292 729 1426 757 actum
1451 720 1578 766 illum,
1613 703 1748 773 ξὲὲζῖἱῗὲ
1763 707 1857 771 engluqs‘g

264 779 519 817 existenciam
553 780 715 826 crediti3
761 779 856 828 quia
887 778 1134 827 impossibile
1168 787 1225 815 est
1257 779 1365 826 quod
1398 791 1479 815 non
1513 791 1579 814 ens
1636 773 1834 835 aceilnonncitnbictzy

210 854 249 875 10
264 837 312 874 sit
344 837 488 874 scitum
521 838 581 874 vel
616 837 837 886 cognitum,
882 836 959 873 nisi
991 837 1094 872 forte
1127 837 1248 872 homo
1284 835 1450 884 ampliet
1484 835 1580 872 istos
1671 843 1796 869 known.

263 895 457 932 terminos
488 896 537 932 ad
561 907 845 944 quamcunque
878 893 1258 943 apprehensionem,
1293 893 1396 930 sicut
1428 893 1582 930 faciunt

263 953 451 1002 theologi.

321 1013 370 1047 Et
405 1023 449 1048 ex
480 1010 556 1047 isto
589 1020 701 1060 patet
733 1012 842 1059 quod
874 1010 974 1047 scire
1006 1009 1163 1046 actuale
1198 1021 1269 1057 per
1301 1008 1489 1045 accidens
1523 1018 1581 1046 est

263 1068 377 1116 scire,
411 1069 480 1105 sed
515 1081 586 1116 per
619 1082 659 1106 se
692 1078 750 1105 est
783 1069 965 1114 credere;
1000 1076 1037 1104 et
1070 1068 1210 1104 eadem
1236 1066 1454 1103 credulitas
1477 1080 1579 1115 pura
1619 1073 1691 1101 And
1713 1073 1796 1101 what
1815 1073 1842 1100 is

210 1132 247 1165 15
264 1139 340 1175 que
380 1135 437 1163 est
469 1126 655 1172 sciencia,
702 1126 854 1163 credito
889 1125 1094 1172 existente,
1140 1125 1244 1161 foret
1276 1138 1358 1161 non
1391 1124 1577 1172 sciencia,
1593 1108 1874 1177 ξῑὲοοᾝὲἒῗῖζᾝζὲε

262 1183 330 1222 illo
375 1184 527 1221 credito
571 1197 652 1221 non
691 1185 900 1231 existente,
946 1192 989 1220 ut
1027 1182 1073 1229 si,
1118 1195 1190 1232 per
1221 1182 1395 1231 primam
1430 1183 1579 1219 medie-
1626 1178 1838 1240 ῡθξέθξνιξὲῃῦῡ

262 1251 385 1279 tatem
418 1243 516 1279 hore
549 1242 700 1279 credidi
733 1242 817 1279 sine
850 1241 1097 1279 hesitacione
1121 1242 1229 1290 quod
1252 1253 1358 1289 papa
1382 1249 1452 1287 est,
1487 1253 1577 1277 cum
1646 1248 1698 1286 the
1718 1246 1820 1283 obJect

262 1301 337 1337 hoc
377 1301 486 1348 quod
518 1299 592 1336 fuit
625 1300 681 1337 ita
714 1300 916 1346 continue,
963 1308 1000 1336 et
1033 1311 1103 1348 per
1135 1300 1354 1335 secundam
1390 1298 1578 1335 continue
1620 1286 1856 1352 loss}{3⁵st,³i¹}⁰11,0

263 1359 429 1395 eandem
471 1357 750 1395 credulitatem
789 1371 946 1407 puram,
993 1370 1083 1394 cum
1124 1358 1200 1393 hoc
1239 1358 1347 1406 quod
1380 1356 1464 1405 ipse
1498 1370 1578 1393 non
1594 1351 1874 1413 [zgpeweretodia

1640 1394 1658 1422 y
1680 1386 1861 1421 knowledge

206 1433 248 1454 20
263 1416 325 1462 sit,
359 1424 454 1452 tunc
487 1416 552 1453 ille
584 1425 697 1453 actus
727 1416 794 1465 qui
817 1428 888 1464 per
911 1415 1086 1464 primum
1111 1423 1271 1463 tempus
1294 1414 1367 1450 fuit
1390 1414 1577 1461 sciencia,
1595 1421 1629 1448 of
1647 1421 1693 1448 his
1717 1421 1871 1448 existence

263 1486 334 1522 per
399 1477 455 1510 2¹1¹
505 1482 665 1522 tempus
721 1474 796 1511 erit
857 1487 938 1510 non
994 1473 1179 1510 sciencia.
1252 1471 1389 1520 Aliqui
1445 1481 1580 1509 tamen
1653 1456 1761 1525 ἶξῧὲὲῖ
1779 1463 1818 1517 ss‘}

263 1540 420 1580 ponunt
453 1541 670 1580 aggregata
703 1544 774 1581 per
805 1531 1005 1577 accidens,
1040 1540 1077 1568 et
1110 1530 1167 1567 sic
1200 1530 1340 1566 dicunt
1363 1529 1579 1566 scienciam
1639 1525 1830 1559 knowledge.

262 1590 384 1626 talem
429 1602 514 1626 esse
552 1598 812 1639 aggregatam
853 1602 897 1626 ex
936 1598 1028 1626 actu
1068 1597 1105 1625 et
1145 1588 1359 1634 relacione,
1406 1596 1443 1624 et
1482 1587 1580 1624 illud

263 1647 443 1684 desinere
476 1660 560 1684 esse
593 1650 643 1685 ad
675 1647 920 1685 desicionem
954 1646 1179 1684 relacionis.
1228 1647 1321 1692 Sed,
1355 1646 1581 1694 quomodo-

207 1712 246 1744 25
264 1718 422 1754 cunque
453 1705 503 1742 sit
537 1706 587 1743 ad
620 1707 708 1753 hoc,
744 1707 1047 1743 concedendum
1085 1705 1274 1753 estquod
1307 1704 1409 1740 scire
1432 1712 1488 1740 est
1511 1716 1583 1752 per

264 1763 450 1801 accidens
482 1763 597 1801 scire.

321 1823 506 1858 Secundo
545 1830 655 1870 patet
693 1822 801 1870 quod
843 1830 1205 1871 quantumcunque
1238 1819 1405 1856 remissa
1440 1820 1580 1855 credu-
1614 1826 1638 1853 lt
1658 1827 1683 1853 is
1704 1826 1856 1854 sufficient

262 1879 352 1917 litas
384 1879 576 1926 veritatis,
611 1893 702 1917 curn
737 1881 813 1916 hoc
846 1880 955 1929 quod
988 1879 1039 1915 sit
1062 1891 1176 1927 pura,
1210 1878 1295 1914 sine
1319 1877 1580 1924 hesitacione,
1607 1861 1863 1930 tfffitktffiwssgffffic,

264 1947 322 1975 est
360 1937 546 1976 sciencia.
593 1939 709 1975 Unde
748 1946 826 1975 stat
865 1938 972 1986 quod
1012 1949 1092 1973 una
1132 1935 1347 1973 credulitas
1386 1935 1580 1972 discibilis
1597 1931 1861 2001 gfffffflggitfjtiss}

1778 1983 1785 1992 ¹
1864 1987 1870 1999 7

207 2003 248 2035 30
263 1995 313 2032 sit
345 1995 532 2042 sciencia,
567 2004 605 2033 et
638 1996 715 2033 alia
749 1995 966 2032 credulitas
1001 1994 1179 2031 eiusdem
1210 1992 1406 2030 intensior
1428 1992 1477 2030 sit
1498 2006 1580 2030 non
1612 2000 1672 2028 aud
1692 2001 1743 2027 the
1763 1998 1862 2035 object

263 2053 437 2091 sciencia
473 2063 640 2102 propter
678 2053 936 2090 formidinem
976 2052 1165 2101 oppositi.
1212 2054 1260 2088 Et
1298 2051 1353 2087 sic
1386 2050 1477 2088 laici
1512 2051 1579 2100 qui
1612 2040 1777 2097 Andtfflfj's
1797 2071 1847 2097 the

263 2125 344 2149 non
377 2111 563 2148 dubitant
594 2112 656 2148 vel
688 2111 918 2148 discurrunt
952 2110 1058 2148 circa
1088 2109 1220 2147 media
1244 2109 1506 2147 certificanda
1530 2110 1578 2146 de
1594 2105 1873 2175 ἒζὲὲῗὲῗῖῗξέξέζκ

264 2170 430 2216 credito,
484 2170 712 2219 frequenter
764 2169 895 2206 sciunt
939 2168 1008 2205 ubi
1053 2167 1214 2215 literati,
1270 2176 1307 2204 et
1350 2166 1581 2215 specialiter
1613 2175 1675 2213 that⁴
1696 2174 1730 2201 of
1747 2174 1847 2201 which

263 2228 508 2276 philosophi,
547 2237 761 2277 querentes
794 2226 1164 2264 demonstraciones
1198 2226 1397 2274 ignorant.
1444 2224 1579 2273 Aliqui
1608 2209 1861 2277 dsslffssffffofffs'essffe

207 2291 246 2324 35
264 2286 368 2323 enim
402 2295 558 2323 tantum
593 2295 766 2335 querunt
801 2285 979 2322 medium
1015 2284 1302 2322 inevitabiliter
1336 2283 1580 2320 concludens
1614 2279 1856 2349 &2³32ngth

264 2353 301 2381 et
333 2357 404 2393 per
435 2357 475 2381 se
508 2353 648 2381 notum
683 2344 723 2381 in
755 2343 914 2392 talibus,
956 2344 1064 2393 quod
1097 2342 1297 2391 dubitant,
1339 2354 1581 2390 quacunque
1642 2349 1820 2410 conchufwe

1601 2387 1864 2445 denigiilsti'iittions

336 2499 355 2518 1.
370 2490 427 2518 diei
439 2491 478 2518 A.
540 2490 568 2518 6.
582 2489 667 2526 after
678 2490 800 2524 habere,
814 2490 869 2517 hec
880 2498 955 2526 very
965 2489 1127 2517 indz'stz'nct
1137 2489 1175 2516 A.
1245 2496 1286 2522 14.
1299 2487 1448 2523 idempro
1464 2487 1582 2514 eadem.

263 2557 300 2576 21.
322 2553 349 2576 et
369 2556 423 2584 per
443 2548 482 2576 A.
568 2556 613 2582 24.
636 2538 767 2575 deficfsm
786 2555 846 2583 pro
867 2547 1057 2575 desicionem
1079 2547 1116 2574 A.
1203 2553 1247 2580 27,
1267 2544 1312 2572 28.
1346 2544 1511 2572 increduli*
1542 2545 1582 2572 A.

262 2608 302 2636 31.
321 2607 412 2642 logici
432 2608 472 2635 A.
544 2605 589 2635 32.
609 2596 724 2633 ctifi‘c'hss
736 2606 776 2632 A.

335 2681 388 2721 34.
414 2679 532 2722 Aliqui
562 2685 625 2710 etc.
664 2677 751 2709 This
783 2687 930 2720 passage
961 2677 1115 2709 reminds
1147 2686 1188 2707 us
1219 2685 1303 2718 very
1341 2674 1522 2717 strikingly
1547 2674 1587 2705 of

262 2726 320 2758 the
346 2726 535 2768 beginning
561 2725 601 2756 of
632 2723 824 2756 Descartes’
843 2724 1018 2756 Discours
1037 2733 1099 2756 sur
1115 2723 1149 2754 Ια
1170 2720 1341 2761 νηέΐῆοᾱε,
1369 2722 1435 2752 and
1455 2730 1581 2763 proves

262 2772 336 2803 that
372 2772 583 2803 Scholastics
627 2780 719 2802 were
764 2770 814 2802 far
857 2770 946 2801 from
991 2770 1096 2811 being
1140 2779 1179 2799 so
1223 2768 1432 2810 dogmatica]
1476 2777 1512 2798 as
1555 2768 1582 2797 is

263 2819 440 2861 generally
466 2818 637 2849 believed.

1382 2872 1442 2902 12⁴⁶
