2132 3319
245 257 295 302 34
964 265 1187 297 JOHANNIS
1214 264 1399 295 wchir
1698 262 1787 290 cAP.
1808 262 1845 290 x.

529 373 693 422 angelus
715 379 771 408 est
791 372 1030 415 substancia,·
1062 384 1169 420 ergo,
1193 372 1321 420 aliqua
1345 373 1563 408 substancia
1586 379 1641 408 est
1663 373 1848 423 angelus,-

530 431 650 466 Nulla
693 430 816 466 virtus
857 437 912 465 est
944 430 1103 466 vicium:
1148 442 1253 478 ergo,
1288 431 1480 478 quoddam
1516 430 1652 466 vicium
1685 443 1758 466 non
1791 438 1847 466 est

532 488 667 527 virtus,
714 487 788 524 Hic
836 496 970 524 manet
1015 489 1152 524 eadem
1199 488 1386 536 qualitas,
1432 488 1526 536 quia
1572 497 1743 536 utraque
1790 497 1847 524 est

531 545 735 594 negativa3
781 547 849 582 sed
884 554 1038 582 mutata
1072 555 1129 582 est
1165 545 1382 594 quantitas,
1423 546 1517 595 quia
1555 560 1634 583 una
1673 556 1730 583 est
1760 546 1847 582 uni-

530 603 695 640 versalis
728 613 765 640 et
798 603 877 640 alia
910 602 1165 652 particularis
1199 613 1273 641 etc.
1864 606 1880 640 5

254 672 280 701 3.
302 674 509 714 Rispounier-
590 661 808 699 Conversio
835 674 911 711 per·
943 662 1311 712 contraposicionem
1360 671 1418 699 est
1463 663 1625 710 quando
1671 664 1717 698 de
1757 663 1847 698 sub-

264 711 484 770 pffffffffffs'sffs
532 721 636 757 iecto
670 720 712 756 fit
746 720 996 769 predicatum
1024 730 1096 757 ete
1120 729 1272 766 contra,
1297 728 1472 756 manente
1500 721 1632 756 eadem
1667 721 1850 770 qualitate

243 777 515 848 affilgffttiicvuelzimd
532 787 568 815 et
600 779 821 827 quantitate,
862 780 931 815 sed
963 780 1120 815 mutatis
1151 779 1327 815 terminis
1347 779 1474 829 finitis
1506 779 1542 814 in
1575 779 1759 815 terminos
1792 778 1846 814 in-

272 848 447 887 neganesg
467 846 490 874 it
520 837 669 886 finitos.
705 839 753 873 Et
786 836 842 873 sic
876 837 1121 873 convertitur
1143 836 1379 874 universalis
1414 836 1655 873 affirmativa
1689 846 1725 873 et
1758 849 1849 885 par-

268 887 492 953 Cffisssgffigffle
533 894 714 932 ticularis
759 894 955 943 negativa.
1000 894 1120 932 Verbi
1166 895 1320 944 gracia:
1373 895 1507 932 Omnis
1549 895 1741 944 sapiencia
1795 902 1908 931 est1o

279 952 476 1022 διξὲῗὲἓῗᾶῡῐξά
535 953 679 990 virtus:
711 965 818 1002 ergo,
853 954 976 990 onmis
1008 966 1081 990 non
1115 954 1239 990 virtus
1271 961 1326 990 est
1359 966 1431 990 non
1463 954 1656 1003 sapiencia
1666 968 1678 998 ,·
1709 953 1847 1002 Aliqua

260 1022 426 1061 predicate,
448 1022 501 1049 but
533 1012 724 1061 sapiencia
758 1024 830 1048 non
863 1019 919 1048 est
952 1012 1112 1048 vicium:
1144 1024 1251 1060 ergo,
1283 1013 1476 1061 quoddam
1507 1024 1580 1048 non
1608 1012 1744 1048 vicium
1777 1024 1849 1047 non

244 1058 518 1127 ωρζξὲζῖῐζέὴῇᾍίη
533 1077 588 1106 est
621 1082 694 1106 non
727 1070 933 1120 sapiencia.
967 1072 1016 1106 Et
1048 1070 1121 1106 iste
1155 1070 1436 1107 conversiones
1455 1078 1659 1118 ponuntur
1692 1069 1733 1105 in
1765 1069 1851 1106 istis

295 1135 355 1163 any
375 1127 463 1154 other
532 1127 728 1165 versibus:

313 1163 440 1198 change.
732 1186 981 1234 Simpliciter
1002 1187 1088 1236 feci
1120 1187 1382 1233 convertitur,
1417 1187 1483 1222 avi
1513 1199 1584 1235 per
1617 1185 1742 1223 accid.
1871 1189 1907 1222 15

731 1246 831 1281 Cato
864 1257 935 1293 per
966 1252 1115 1281 contra.
1153 1245 1217 1282 Sic
1251 1245 1293 1281 fit
1328 1244 1536 1282 conversio
1570 1253 1668 1281 tota.

592 1304 823 1340 Notandum
849 1304 956 1351 quod
981 1302 1021 1339 in
1044 1303 1117 1339 iste
1140 1303 1314 1340 termino
1340 1304 1429 1340 Feci
1450 1312 1541 1340 sunt
1565 1305 1641 1339 due
1672 1302 1849 1348 vocales;

534 1374 553 1398 e
574 1361 775 1410 significat
798 1362 1065 1398 universalem
1091 1362 1332 1410 negativam,
1359 1371 1395 1398 et
1418 1363 1431 1397 i
1452 1361 1651 1410 significat
1674 1360 1850 1409 particu-

534 1421 659 1456 larem
688 1419 985 1465 affirmativam,
1021 1429 1058 1456 et
1085 1433 1106 1456 a
1133 1420 1401 1457 universalem
1436 1419 1735 1463 affirmativam,
1771 1427 1807 1455 et
1830 1431 1850 1455 0

535 1478 822 1527 particularem
856 1478 1096 1527 negativam.
1868 1492 1910 1512 20

262 1546 499 1585 Difficultie's'as
594 1538 671 1573 Sed
717 1537 758 1573 in
803 1536 1155 1586 proposicionibus
1202 1538 1249 1573 de
1305 1536 1496 1585 preterito
1543 1545 1579 1572 et
1628 1537 1762 1572 futuro
1796 1544 1853 1571 est

245 1586 520 1644 {ssaffsssfgfifgsgotffise
537 1595 665 1631 maius
699 1595 886 1641 dubium3
935 1595 1038 1632 sicut
1081 1604 1139 1632 est
1172 1595 1211 1631 in
1250 1595 1416 1631 talibus:
1463 1595 1607 1631 Nullus
1634 1607 1736 1644 puer
1769 1594 1853 1643 fuit

251 1652 459 1713 ldessuffirgffsg
479 1659 514 1678 or
534 1666 673 1690 senex:
705 1654 843 1703 Aliqua
869 1654 1009 1690 mulier
1031 1661 1218 1703 corrupta
1242 1654 1315 1689 erit
1339 1654 1476 1704 virgo,-
1503 1653 1636 1689 Omnis
1659 1652 1853 1702 sapiencia

294 1721 477 1783 gaegffgglzrf
535 1712 609 1748 erit
643 1713 779 1749 virtus.
815 1712 950 1749 Prima
983 1714 1100 1749 debet
1134 1712 1189 1749 sic
1213 1712 1404 1759 converti,
1429 1711 1686 1760 simpliciter:
1712 1711 1854 1746 Nullus

265 1791 386 1826 solving
406 1791 499 1818 them.
532 1771 729 1820 puersuit
751 1783 890 1807 senex:
923 1784 1028 1819 ergo,
1054 1772 1183 1807 nullus
1210 1770 1214 1818 l
1238 1771 1456 1820 preteritas
1477 1782 1596 1806 senex
1619 1778 1673 1806 est
1698 1769 1853 1818 velfuit
1872 1772 1911 1804 25

532 1841 653 1878 puer:
686 1837 722 1865 et
756 1830 832 1865 hoc
856 1838 913 1865 est
936 1830 1095 1865 falsum.
1131 1831 1315 1866 Secunda
1339 1829 1394 1866 sic
1417 1828 1681 1865 convertitur:
1716 1827 1855 1875 Aliqua

538 1887 680 1923 mulier
711 1895 898 1937 corrupta
932 1888 1006 1924 erit
1038 1888 1175 1938 virgo:
1207 1900 1315 1935 ergo,
1339 1888 1467 1936 aliqua
1491 1888 1636 1935 futura
1662 1887 1777 1936 virgo
1802 1892 1857 1921 est

540 1946 600 1981 vel
631 1946 705 1981 erit
737 1946 878 1982 mulier
910 1954 1110 1995 corrupta,
1150 1942 1221 1981 3cia
1256 1945 1487 1994 proposicio
1522 1945 1577 1981 sic
1612 1946 1729 1981 debet
1763 1956 1856 1981 con-

538 2004 637 2040 verti
671 2016 743 2051 per
776 2004 983 2043 accidens:
1021 2004 1155 2040 Omnis
1198 2005 1391 2053 sapiencia
1437 2004 1511 2040 erit
1556 2003 1702 2039 virtus:
1746 2014 1854 2050 ergo,

538 2062 667 2110 aliqua
702 2063 825 2099 virtus
845 2064 992 2111 futura
1026 2070 1081 2098 est
1114 2064 1174 2098 vel
1207 2063 1280 2098 erit
1311 2062 1517 2111 sapiencia.
1873 2064 1915 2096 30

609 2184 651 2212 23.
674 2185 730 2212 erit
751 2193 822 2226 non.

616 2268 664 2288 10.
692 2258 889 2299 According
916 2265 950 2288 to
977 2257 1157 2298 logicians,
1186 2267 1272 2288 even
1300 2259 1333 2288 in
1360 2267 1424 2288 our
1449 2267 1529 2287 own
1563 2258 1658 2295 time,
1691 2256 1749 2287 the
1768 2266 1858 2297 par-

542 2304 702 2336 ticularis
730 2304 896 2346 negativa
925 2315 987 2335 can
1014 2304 1055 2335 be
1083 2304 1270 2335 converted
1305 2305 1338 2334 in
1373 2314 1418 2334 no
1451 2303 1550 2334 other
1584 2303 1645 2334 but
1676 2302 1744 2333 this
1777 2313 1859 2345 very

541 2350 688 2381 crabbed
708 2360 797 2393 way.
824 2351 860 2381 ln
878 2351 998 2393 reality
1016 2350 1194 2390 however,
1215 2351 1224 2381 Ι
1245 2351 1379 2382 believe
1405 2351 1429 2381 it
1448 2351 1474 2381 is
1493 2351 1634 2392 always
1652 2349 1805 2391 possible
1825 2356 1858 2380 to

541 2396 673 2438 change
690 2398 713 2428 it
727 2398 797 2428 into
812 2397 1078 2439 aparticularis
1092 2397 1325 2439 affirmativa,
1341 2397 1407 2428 and
1424 2396 1506 2427 then
1522 2403 1664 2427 convert
1681 2396 1706 2426 it
1720 2396 1858 2437 simply,

541 2442 638 2474 thus:
672 2444 779 2476 Some
799 2444 1028 2486 Englishmen
1057 2454 1120 2475 are
1148 2448 1206 2475 not
1226 2444 1437 2476 Londoners
1554 2443 1661 2475 Some
1690 2441 1859 2484 English-

542 2499 618 2522 men
636 2499 700 2522 are
715 2490 1012 2523 Not-Londoners
1031 2513 1039 2520 .
1055 2500 1062 2508 ·
1078 2513 1085 2521 .
1103 2490 1210 2522 Some
1223 2488 1523 2522 Not-Londoners
1538 2499 1601 2521 are
1617 2489 1859 2531 Englishmen.

542 2535 628 2567 This
647 2536 765 2567 would
794 2536 835 2567 be
863 2547 880 2567 a
909 2535 1023 2567 fourth
1051 2537 1185 2577 species
1213 2536 1252 2567 of
1267 2535 1515 2569 ‘conversion’z
1543 2535 1604 2566 but
1633 2536 1639 2565 1
1671 2542 1764 2566 must
1781 2535 1860 2576 give

543 2583 566 2613 it
605 2593 649 2613 on
690 2594 747 2625 my
786 2594 868 2614 own
906 2583 1175 2625 responsibility‚
1221 2583 1349 2624 having
1389 2590 1458 2614 met
1496 2581 1578 2613 with
1623 2582 1646 2613 it
1684 2580 1859 2612 nowhere.

545 2638 598 2660 22.
626 2630 691 2660 Est
717 2629 770 2661 vel
788 2630 873 2672 fuit.
900 2631 1056 2661 Because
1083 2629 1141 2660 the
1162 2640 1262 2660 sense
1290 2628 1452 2660 modifies
1479 2640 1519 2660 or
1546 2638 1625 2670 may
1645 2628 1776 2670 modify
1803 2627 1861 2658 the

543 2686 643 2706 sense
670 2675 753 2706 both
780 2675 819 2706 of
842 2675 976 2715 subject
1002 2676 1068 2706 and
1102 2675 1141 2706 of
1163 2676 1348 2717 predicate.
1389 2677 1455 2706 But
1489 2676 1498 2707 Ι
1533 2675 1629 2706 think
1662 2674 1735 2706 that
1768 2675 1861 2705 since

544 2722 677 2763 Wyclif
692 2722 736 2764 by
754 2721 808 2753 his
828 2723 1037 2753 conversion
1059 2732 1176 2753 comes
1203 2729 1238 2753 to
1267 2732 1284 2753 a
1304 2722 1389 2753 false
1416 2722 1621 2753 conclusion
1644 2721 1731 2752 from
1751 2731 1769 2751 a
1788 2727 1862 2751 true

546 2768 728 2809 departure
754 2770 805 2809 (et
830 2769 894 2800 hoc
919 2773 969 2800 est
988 2770 1154 2810 falsum),
1182 2779 1235 2799 we
1263 2779 1341 2811 rna)v
1362 2776 1413 2810 try
1441 2768 1497 2799 the
1524 2769 1686 2810 ordinary
1708 2767 1861 2798 method.

545 2814 660 2845 Thus:
694 2815 748 2847 No
775 2815 846 2857 boy·
870 2816 897 2847 is
922 2815 1158 2857 having-been
1187 2825 1233 2846 an
1261 2816 1317 2847 old
1346 2825 1426 2846 man
1454 2838 1462 2846 .
1482 2825 1489 2833 ·
1509 2838 1517 2846 .
1546 2814 1600 2846 No
1627 2814 1860 2856 having-been

547 2871 591 2892 an
620 2861 679 2893 old
706 2871 788 2893 man
817 2862 846 2894 is
871 2871 892 2892 a
920 2861 999 2903 bos.
