2132 3319
267 829 345 856 This
365 828 492 862 chapter

294 863 378 890 deals
399 862 473 889 with

276 898 392 931 modal⁷
414 897 484 930 viz>7

253 940 423 967 necessary
442 931 502 958 and

294 967 471 1003 impossible

740 703 1084 752 CAPITULUM
1118 703 1654 752 DECIMUMPRIMUM.

594 819 785 868 Sequitur
824 820 872 856 de
912 819 1142 856 modalibus
1181 820 1536 868 pertractandum;
1577 827 1614 855 et
1646 818 1779 867 primo
1813 818 1861 854 de

535 878 763 915 necessario
803 887 840 914 et
879 877 1133 926 impossibili,
1167 886 1334 926 propter
1374 890 1514 914 eorum
1556 876 1858 914 connexionem.

536 937 659 974 Omni
683 936 788 973 enim
813 936 1042 973 necessario
1072 936 1295 984 opponitur
1316 935 1580 985 impossibile,
1615 944 1653 972 et
1677 943 1861 981 econtra3

267 1003 495 1039 propositions.
536 1004 573 1032 et
596 995 700 1041 ideo,
731 994 834 1031 sicut
858 1004 989 1031 cetera
1012 994 1213 1043 opposita,
1243 994 1371 1031 eidem
1396 994 1605 1031 subiacent
1637 992 1896 1042 discipline.5

296 1063 366 1097 Any
386 1065 464 1088 term

260 1097 433 1132 modifying
453 1096 504 1123 the

274 1141 362 1159 sense
384 1132 419 1159 of
435 1132 486 1158 the

299 1175 395 1195 nexus
417 1168 463 1199 (or

295 1203 417 1237 copula)
438 1202 464 1228 is

244 1238 364 1265 modal:
381 1245 424 1271 as,
440 1239 519 1271 true,

320 1271 430 1309 false,-

294 1315 472 1341 necessary,

242 1343 434 1378 contingent,
447 1346 517 1374 etc:

242 1379 363 1409 known,
381 1376 523 1411 doubted,

352 1417 408 1439 etc.

273 1588 330 1615 But
350 1589 401 1614 tlie
421 1588 492 1614 four

324 1628 432 1657 termS,

254 1666 429 1692 necessary,
451 1662 508 1684 etc.

286 1693 407 1720 besides
428 1694 478 1719 the

272 1728 484 1755 modification

247 1765 317 1799 they
341 1764 440 1797 bringy
462 1771 512 1790 are

286 1799 427 1833 opposed
449 1803 480 1825 to

283 1833 356 1860 each
379 1834 476 1860 other.

595 1053 731 1090 Primo
754 1062 891 1089 tamen
913 1052 1130 1090 videndum
1155 1061 1212 1089 est
1235 1052 1275 1089 in
1299 1052 1507 1089 communi
1529 1052 1597 1101 qui
1619 1051 1785 1089 termini
1806 1051 1862 1088 fa-

536 1112 647 1149 ciunt
670 1111 977 1160 proposiciones
1002 1111 1194 1148 modales.
1218 1113 1266 1147 Et
1283 1111 1442 1147 videtur
1461 1110 1583 1147 michi
1601 1109 1866 1159 probabiliter

536 1183 653 1219 posse
677 1170 756 1207 dici
780 1182 943 1207 omnem
971 1169 1191 1206 terminum
1226 1169 1582 1206 determinativum
1607 1168 1774 1206 connexi
1797 1180 1867 1204 na-

536 1238 621 1265 tum
646 1228 776 1265 facere
801 1228 1131 1277 proposicionem
1155 1228 1381 1274 modalem3
1412 1236 1455 1264 ut
1479 1236 1571 1264 sunt
1594 1226 1659 1264 isti
1682 1225 1865 1263 termini:

536 1300 684 1335 verum,
697 1287 867 1336 salsum,
884 1295 922 1324 et
938 1295 1113 1335 quatuor
1128 1286 1273 1323 famosi
1293 1278 1456 1322 termini
1476 1286 1669 1331 modales,
1693 1284 1865 1322 scilicet:

535 1346 810 1392 necessarium,
845 1345 1086 1396 contingens,
1118 1354 1211 1393 etc.3
1246 1357 1337 1381 cum
1365 1343 1450 1380 istis
1478 1343 1683 1381 terminis:
1714 1343 1866 1389 scitum,

537 1404 764 1451 dubitatum,
798 1404 1002 1449 creditum,
1037 1403 1278 1454 ignoratum,
1311 1403 1559 1446 intellectum,
1589 1402 1866 1453 significatum,

537 1472 574 1499 et
607 1461 771 1499 termini
801 1461 1045 1509 consimiles,
1084 1470 1159 1498 etc.
1195 1463 1346 1498 Omnes
1380 1460 1485 1498 enim
1519 1461 1619 1497 tales
1657 1458 1741 1497 nati
1775 1468 1867 1496 sunt

537 1533 765 1569 supponere
787 1534 861 1570 pro
884 1522 1005 1557 modo
1028 1529 1065 1557 et
1082 1519 1352 1557 determinare
1376 1519 1528 1556 dictum
1553 1517 1864 1567 proposicionis.

596 1581 781 1625 Quatuor
833 1589 971 1616 tamen
1024 1578 1169 1615 famosi
1221 1577 1385 1615 termini
1441 1578 1634 1628 modales,
1693 1576 1865 1614 scilicet:

536 1638 810 1682 necessarium,
850 1638 1099 1687 impossibile,
1140 1637 1326 1686 possibile
1365 1645 1403 1673 et
1442 1636 1682 1686 contingens,
1729 1647 1867 1683 super-

537 1698 692 1733 addunt
725 1709 846 1744 super
879 1693 1151 1744 significatum
1186 1695 1283 1732 dicti
1318 1694 1402 1731 eius
1426 1694 1666 1743 qualitatem
1702 1703 1739 1730 et
1773 1706 1868 1730 con-

537 1755 717 1791 diciones
757 1754 996 1800 contrarias,
1043 1753 1394 1800 contradictorias,
1450 1762 1486 1789 et
1532 1753 1785 1789 subalternas
1831 1760 1868 1788 et

537 1813 840 1850 subcontrarias
873 1813 1095 1849 secundum
1129 1812 1300 1860 figuram
1327 1812 1695 1859 quadrangularem
1721 1823 1869 1859 propo-

537 1872 735 1909 sicionum
781 1871 1027 1920 simplicium
1075 1872 1123 1907 de
1166 1871 1299 1907 inesse.
1356 1872 1404 1906 Et
1457 1869 1548 1906 ideo
1593 1868 1868 1918 significanter

606 2028 625 2048 ι.
636 2020 711 2056 Cap.
725 2020 810 2047 deest
820 2019 885 2047 AB.
960 2018 1139 2047 2.I›11't1'alS
1152 2019 1182 2045 in
1195 2018 1264 2045 blue
1275 2018 1329 2045 inlc
1341 2019 1385 2050 A;
1404 2017 1489 2045 deest
1503 2017 1535 2043 B.
1610 2015 1636 2044 3.
1652 2007 1818 2051 vcstonupcoxn
1833 2015 1866 2042 B.

535 2055 562 2083 8.
594 2055 834 2082 determinatum
867 2055 938 2088 ΑΒς
972 2054 1011 2081 ih.
1044 2053 1199 2088 complexi
1230 2053 1263 2080 B.
1373 2060 1402 2087 9.
1434 2052 1688 2087 proposicionem
1720 2052 1803 2078 deest
1827 2051 1866 2083 Βς

535 2091 573 2117 ih.
596 2091 670 2117 tales
687 2098 748 2126 pro
768 2090 818 2116 isti
841 2090 873 2116 B.
949 2097 990 2123 10,
1004 2097 1037 2116 11.
1061 2089 1179 2115 scilicet
1193 2104 1225 2107 »-
1241 2096 1310 2114 cum
1333 2088 1430 2114 above
1449 2088 1500 2114 llze
1519 2088 1582 2114 line
1602 2088 1640 2114 A.
1717 2085 1754 2113 13.
1777 2086 1866 2113 ceteri

531 2133 590 2160 pro
611 2125 734 2152 termini
758 2124 796 2158 Βς
826 2125 865 2152 ih.
893 2129 950 2151 etc.
977 2124 1062 2151 deest
1089 2124 1122 2150 Β.
1234 2131 1274 2157 17,
1297 2122 1337 2150 18.
1367 2122 1637 2150 contradicciones
1663 2129 1723 2156 pro
1744 2125 1771 2148 et
1793 2129 1867 2148 con-

535 2160 675 2187 diciones
695 2161 733 2188 A.
811 2159 852 2187 18.
876 2158 1139 2186 contradictorias
1159 2159 1244 2185 deest
1265 2158 1298 2184 Β.

609 2244 660 2265 20.
691 2234 743 2265 De
775 2233 900 2265 inesse.
941 2232 1006 2262 See
1037 2230 1096 2262 the
1130 2228 1239 2272 figure
1272 2230 1339 2261 and
1374 2229 1595 2271 explanation
1634 2228 1667 2259 in
1705 2227 1763 2259 the
1797 2226 1869 2259 first

534 2287 609 2321 part
637 2279 676 2310 of
699 2278 851 2322 Logica.

751 2336 780 2362 A
800 2335 825 2361 is
847 2342 1025 2370 necessary.
1108 2332 1295 2361 Contraries
1374 2332 1402 2359 A
1424 2331 1449 2358 is
1470 2331 1665 2366 impossible.

999 2428 1027 2635 subalternam

1376 2425 1404 2635 ozvuaeaqpvqns

773 2696 802 2723 A
822 2696 848 2722 is
870 2695 1017 2730 possible.
1073 2694 1316 2722 Subcontraries
1371 2694 1399 2721 A
1419 2693 1444 2720 is
1465 2692 1655 2727 contingent.

607 2746 673 2777 We
701 2751 793 2776 must
820 2745 887 2775 add
915 2751 951 2775 to
978 2743 1046 2775 this
1074 2744 1229 2785 diagram
1256 2742 1314 2774 the
1342 2742 1476 2774 remark
1503 2741 1629 2773 thatin
1647 2740 1705 2772 the
1724 2741 1801 2772 idea
1828 2740 1871 2771 of

538 2792 714 2832 Aristone,
743 2801 936 2833 necessmy
969 2801 1088 2822 means
1121 2790 1252 2832 merely
1280 2789 1509 2831 “impossible
1536 2795 1597 2819 not
1622 2795 1658 2819 to
1684 2787 1761 2827 be”‚
1796 2787 1863 2818 and

535 2840 743 2882 contingent
769 2838 948 2879 “possible
975 2844 1036 2868 not
1062 2844 1097 2868 to
1124 2836 1202 2868 be''.

1889 1299 1926 1319 10

1888 1580 1924 1611 15

1886 1882 1928 1902 20
