2132 3319
263 201 352 229 CAP.
373 201 424 229 IX.
828 201 1013 233 LOGICA.
1791 199 1865 236 129

264 322 462 358 exponens
509 310 628 345 habet
672 307 791 343 istum
837 305 1053 343 terminum
1100 305 1316 351 infinitum,
1362 306 1463 354 quod
1504 319 1575 342 non
1605 313 1731 347 subject,
1753 314 1849 340 anda

263 375 318 404 est
361 368 487 413 homo,
534 379 605 414 pro
650 378 721 402 suo
767 364 958 401 subiecto.
1015 366 1063 399 Et
1107 363 1171 399 ille
1215 363 1437 411 opponitur
1484 363 1576 399 huic
1663 350 1802 412 ἔῗὲῖξιζζξῒ

262 424 449 470 termino,
494 424 620 470 homo,
666 422 733 471 qui
773 421 969 459 subicitur
1007 421 1045 458 in
1086 421 1315 469 preiacente
1355 429 1392 457 et
1432 420 1575 457 virtute
1624 418 1833 488 ἓξὲξῑεζξιίῦξδ

262 481 493 531 negacionis
538 480 787 529 precedentis
841 488 900 517 est
944 478 1176 528 proposieio
1228 478 1429 526 negativa,
1484 491 1574 515 cum
1645 489 1816 528 meantum

1636 528 1832 561 proposmon

230 540 471 589 §preiacens
504 539 554 575 sit
587 538 840 575 affirmativa.
1626 558 1761 585 without
1782 559 1831 586 ,he

320 601 401 634 Nec
445 598 561 633 debet
606 596 837 644 proposicio
877 594 1072 632 exclusiva
1111 594 1389 631 universaliter
1434 593 1577 642 exponi
1654 593 1808 662 ἓᾚῑῗέιίὲῦ

261 668 332 705 per
370 656 491 692 talem
531 655 763 701 terminum,
801 654 922 699 aliud,
968 653 1062 701 quia
1096 652 1344 700 impossibile
1378 661 1434 688 est
1468 653 1576 700 quod
1595 664 1867 704 onlyAg'sB‚i.e.

261 721 409 750 tantum
438 713 509 749 hoc
531 713 678 749 instans
709 712 782 748 erit
813 712 971 757 instans,
1006 719 1043 747 et
1065 720 1200 747 tamen
1230 710 1301 746 hoc
1329 710 1475 746 instans
1505 710 1578 746 erit
1593 734 1652 762 and
1668 699 1871 762 ἐὴξΐξέηοῖ

261 772 418 818 instans,
453 779 490 807 et
522 770 639 807 nichil
669 770 777 806 aliud
807 770 853 805 ab
887 769 957 805 hoc
989 768 1147 805 instanti
1176 768 1250 805 erit
1282 768 1438 804 instans.
1484 769 1577 805 Ideo
1634 769 1833 832 AItiSisnssthB‘

209 828 484 878 xoregularius
529 828 675 865 dicitur
718 841 791 865 non
824 827 924 876 quod
967 839 1039 862 non
1084 826 1158 862 erit
1202 826 1273 862 hoc
1313 826 1460 862 instans
1504 827 1578 862 erit
1629 839 1782 867 desirable
1802 844 1833 867 to

261 888 428 933 instans;
467 895 597 935 potest
631 885 735 923 enim
779 885 865 922 dari
903 884 992 921 talis
1032 883 1163 921 minor
1196 896 1416 932 exponens:
1463 884 1580 920 nichil
1594 874 1868 944 dorffiigeffessiive

260 946 369 982 aliud
411 957 523 993 quam
568 952 623 981 est
670 944 730 980 vel
771 943 844 980 erit
881 943 952 979 hoc
995 942 1141 979 instans
1180 942 1254 978 erit
1295 942 1365 978 hoc
1410 942 1579 987 instans,·
1606 945 1644 980 by
1664 944 1859 984 qtlzerttzqm,

261 1004 369 1052 quod
407 1011 465 1039 est
503 1002 662 1039 falsum.
703 1000 910 1047 Similiter,
950 1000 1082 1049 posito
1115 1001 1224 1048 quod
1255 999 1486 1048 proposicio
1518 999 1576 1036 in·
1592 983 1868 1042 caassesuitclizratdfflsnto

261 1060 384 1110 cipiat
424 1072 506 1097 esse
548 1072 618 1109 per
656 1059 929 1097 remocionem
969 1059 1017 1095 de
1054 1057 1244 1107 presenti,
1295 1066 1332 1094 et
1369 1059 1399 1094 B
1431 1071 1579 1106 propo·
1623 1057 1833 1118 con‘ffiffli‘gns,

209 1119 358 1159 15sicio
410 1118 578 1167 incipiat
622 1130 706 1155 esse
753 1118 801 1154 de
846 1116 1037 1166 preterito
1080 1128 1151 1165 per
1203 1115 1475 1153 remocionern
1528 1117 1576 1152 de
1593 1119 1758 1154 especially
1779 1120 1868 1147 when

261 1176 449 1226 presenti,
485 1185 522 1213 et
551 1177 660 1226 quod
697 1176 808 1213 nulla
846 1174 1078 1225 proposicio
1117 1173 1284 1223 incipiat
1323 1186 1407 1211 esse
1438 1173 1515 1210 nisi
1545 1154 1868 1225 Acossssgsfflaffiffigs

260 1236 321 1272 vel
344 1237 386 1281 B,
415 1243 525 1283 patet
557 1235 666 1284 quod
699 1234 842 1271 falsum
877 1242 935 1270 est
967 1234 1075 1281 quod
1108 1240 1254 1269 tantum
1278 1232 1309 1268 A
1339 1232 1470 1281 incipit
1500 1245 1580 1268 esse
1607 1229 1854 1294 (ζξξῐηῇᾞέζξῖῗξ

257 1293 479 1343 proposicio
528 1301 562 1329 et
606 1301 733 1329 tamen
779 1292 895 1328 nichil
937 1291 1044 1327 aliud
1088 1303 1201 1340 quam
1250 1291 1282 1326 A
1332 1290 1462 1340 incipit
1500 1302 1581 1326 6336

257 1351 492 1401 proposicio.
541 1353 720 1388 Ponatur
759 1350 863 1387 enim
909 1350 1017 1398 quod
1056 1350 1089 1385 A
1127 1348 1276 1385 desinat
1317 1360 1398 1385 esse
1431 1360 1579 1398 propo-

205 1427 246 1448 20
260 1409 378 1455 sici0;
410 1410 487 1446 hoe
519 1417 656 1446 tamen
689 1417 746 1445 est
777 1408 942 1445 falsum:
977 1419 1049 1443 non
1079 1407 1181 1456 quod
1212 1419 1285 1443 non
1319 1413 1374 1443 est
1395 1405 1428 1441 A
1450 1406 1581 1456 incipit

260 1480 341 1504 6336
387 1467 622 1517 proposicio.
687 1465 882 1504 Similiter
933 1465 1008 1502 ista
1060 1464 1291 1514 proposicio
1351 1473 1409 1500 est
1460 1464 1579 1501 falsa:

261 1533 409 1562 tantum
456 1525 522 1561 illa
566 1525 737 1562 chimera
782 1524 1029 1575 significatur
1068 1535 1144 1573 per
1190 1523 1303 1559 istum
1356 1522 1578 1569 terminum,

260 1584 505 1630 “ellinici-(1³³,
557 1591 592 1619 et
636 1591 762 1619 tamen
800 1583 866 1618 illa
905 1589 940 1618 et
977 1581 1084 1617 nulla
1122 1581 1198 1617 alia
1231 1580 1478 1631 significatur
1504 1593 1581 1629 per

260 1643 371 1679 istum
420 1642 627 1677 terminum
672 1640 929 1686 ε(εΙτῐνη6να”;
979 1648 1017 1676 et
1061 1638 1117 1675 sic
1170 1640 1218 1675 de
1269 1637 1437 1675 infinitis
1490 1637 1578 1674 aliis

204 1708 242 1740 25
261 1699 463 1748 exemplis.
519 1698 771 1748 Regulariter
813 1710 906 1746 ergo
951 1706 989 1734 et
1040 1696 1322 1734 universaliter
1373 1696 1577 1744 loquendo

259 1758 416 1795 videtur
449 1756 547 1793 mihi
580 1756 807 1806 expedicior
839 1755 1038 1805 exposicio
1071 1754 1318 1803 supradicta.

318 1815 535 1853 Diversitas
573 1824 710 1853 tamen
749 1814 894 1851 accidit
932 1814 972 1850 in
1012 1813 1068 1850 sic
1113 1814 1362 1862 exponendo,
1411 1812 1575 1849 racione
1621 1815 1697 1855 This
1717 1817 1839 1855 general

260 1874 375 1923 signi,
420 1873 584 1911 racione
628 1872 812 1920 subiecti,
858 1881 896 1909 et
942 1871 1103 1909 racione
1143 1870 1353 1919 predicati.
1401 1870 1575 1908 Racione
1598 1851 1868 1913 ωιῗὸἕῗᾶἔῖἓὲιξω

260 1932 362 1980 signi
406 1940 443 1968 et
482 1932 650 1968 subiecti
688 1932 910 1968 secundum
951 1929 1222 1966 diversitatem
1263 1941 1426 1965 suorum
1473 1928 1575 1965 acci·
1592 1921 1736 1991 Sig¹{·ass*j
1751 1921 1868 1991 stiffiject

204 1990 465 2039 30denciurn3
509 1999 552 2026 ut
599 1991 844 2038 quandoque
888 1987 1051 2025 racione
1097 1987 1266 2036 generis,
1321 1987 1422 2023 sicut
1467 1996 1577 2035 patet
1622 1999 1693 2027 may
1713 1999 1788 2027 vary
1808 1992 1838 2018 in

261 2048 337 2096 hic,
385 2048 490 2085 solus
533 2048 646 2084 homo
694 2055 749 2084 est
791 2047 937 2083 animal
981 2046 1176 2082 racionale
1220 2045 1457 2090 masculum5
1502 2044 1577 2081 ista
1667 2026 1792 2061 gendes.

261 2107 366 2144 enim
392 2108 508 2143 debet
541 2106 598 2143 sic
631 2105 787 2154 exponi,
822 2107 933 2141 homo
966 2105 1162 2141 masculus
1195 2111 1251 2141 est
1282 2103 1429 2139 animal
1454 2103 1577 2139 racio-

260 2165 345 2201 nale
376 2165 604 2211 masculum,
643 2172 678 2200 et
715 2177 787 2200 non
821 2164 923 2212 quod
959 2175 1032 2200 non
1064 2170 1120 2199 est
1152 2162 1265 2198 homo
1298 2162 1492 2198 masculus
1523 2169 1579 2197 est

259 2223 405 2259 animal
442 2223 637 2259 racionale
677 2222 901 2258 masculum.
949 2223 997 2257 Et
1037 2233 1081 2257 ex
1115 2221 1189 2257 hoc
1228 2219 1422 2269 sequitur,
1469 2219 1577 2256 iuxta
1645 2224 1820 2260 Examples.

204 2288 242 2322 35
260 2281 417 2329 regulas
450 2280 618 2317 traditas
652 2280 693 2316 in
727 2279 1044 2328 consequenciis,
1078 2279 1186 2327 quod
1220 2279 1350 2314 solum
1385 2278 1498 2314 homo
1523 2284 1579 2314 est

260 2339 406 2375 animal
427 2339 622 2375 racionale
645 2339 874 2388 masculum,
899 2339 966 2374 sed
990 2349 1071 2373 non
1095 2336 1277 2385 sequitur
1298 2335 1578 2373 universaliter

330 2533 357 2559 8.
380 2533 438 2559 hoc
458 2531 488 2558 in
503 2531 592 2567 after
611 2536 712 2558 tamen
734 2531 768 2558 Β,
843 2541 871 2563 o.
888 2531 989 2558 hocin
1006 2531 1044 2564 ss;
1066 2531 1104 2557 ib.
1120 2530 1177 2558 erit
1189 2530 1220 2557 in
1233 2529 1267 2556 B.
1342 2537 1382 2556 10.
1405 2528 1461 2556 erit
1475 2529 1505 2556 in
1517 2537 1577 2564 pro

262 2568 319 2594 hoc
339 2567 378 2599 B?
399 2567 437 2593 ib.
459 2566 515 2593 erit
535 2566 564 2593 in
585 2567 671 2601 aster
691 2566 809 2593 instans
833 2566 865 2592 B.
940 2574 973 2593 11.
997 2570 1099 2593 tamen
1116 2572 1178 2600 pro
1199 2564 1281 2591 enim
1303 2564 1335 2591 B.
1411 2571 1448 2591 12.
1470 2563 1526 2590 erit
1546 2563 1577 2590 in

260 2610 279 2628 a
298 2605 347 2629 ter
360 2602 404 2638 vel
420 2601 476 2628 erit
490 2601 529 2635 B;
547 2601 585 2627 ib.
601 2601 656 2628 erit
672 2601 701 2628 in
719 2601 836 2628 instans
849 2609 911 2636 pro
926 2600 983 2627 erit
998 2600 1056 2627 hoc
1071 2600 1190 2627 instans
1205 2599 1238 2626 B.
1313 2598 1351 2626 15.
1373 2598 1410 2625 de
1431 2598 1577 2633 preterito

280 2639 345 2664 cest
357 2636 388 2663 B.
447 2635 486 2663 16.
503 2636 593 2671 lipro
609 2635 667 2663 nisi
683 2635 715 2662 B.
774 2644 812 2671 ¹7-
827 2635 954 2670 incipiat
969 2635 1001 2662 B.
1059 2634 1098 2663 18.
1111 2634 1238 2669 incipiat
1252 2633 1285 2660 Β.
1343 2640 1384 2668 19.
1400 2631 1576 2660 desm1atA.

261 2679 299 2699 21.
322 2670 541 2706 proposicione
560 2669 644 2707 aflet·
664 2670 722 2697 ista
743 2670 782 2704 [ἐς
815 2671 852 2697 ib.
876 2674 920 2697 est
941 2670 1027 2698 deest
1045 2669 1077 2696 B.
1204 2669 1251 2696 25.
1278 2666 1364 2704 aster
1388 2667 1577 2703 supradicta,

260 2715 362 2729 ΛΜΛ

261 2738 290 2757 rn
312 2735 367 2756 ο·3111
386 2729 425 2757 A.
516 2727 554 2756 31.
577 2728 731 2756 racionale
750 2729 846 2756 above
864 2729 917 2756 the
935 2728 999 2755 line
1018 2728 1062 2762 A;
1084 2728 1121 2755 ib.
1143 2727 1185 2755 ita
1199 2734 1261 2762 pro
1281 2726 1338 2754 ista
1359 2725 1390 2753 B.

329 2812 362 2845 6.
387 2812 464 2844 The
490 2813 560 2844 Ms.
585 2813 612 2844 is
643 2813 778 2844 written
804 2813 837 2843 in
864 2812 1009 2844 another
1034 2811 1138 2851 hand,
1172 2811 1261 2842 from
1289 2810 1347 2841 the
1378 2810 1477 2841 word
1506 2819 1573 2841 nec.

1416 2878 1436 2910 9
